1924 3183
389 216 467 255 3⁸24
913 212 1287 252 HLUDOWICUS.

391 313 462 350 ter
484 301 615 366 quod
642 300 810 364 capulo
837 299 1004 365 gladii,
1030 316 1126 364 quo
1151 299 1388 344 accinctus
1418 307 1546 354 erat,
1580 299 1662 344 imi
1694 318 1807 362 pcc-

389 380 507 427 toris
531 398 638 444 pars
663 379 849 425 sinistra
877 389 1074 426 contusa
1098 387 1191 434 est,
1213 386 1261 423 et
1279 377 1404 423 auris
1423 377 1586 423 dextra
1606 376 1654 422 in
1675 389 1808 440 parte

386 458 651 520 posteriore
668 456 930 512 vulnerata,
948 455 1105 502 femur
1118 471 1310 519 quoque
1329 453 1551 500 dextrum
1569 453 1808 517 cujusdam

386 535 503 600 ligni
525 533 736 598 pondere
754 535 888 598 juxta
911 533 1106 597 inguina
1126 531 1361 578 collisum.
1386 531 1476 578 Sed
1495 531 1717 577 instantia
1738 531 1806 594 (ι)

386 612 710 668 medicorum,
735 611 818 675 qui
844 611 885 657 ei
912 627 1073 655 curam
1097 607 1412 668 adhibebant,
1438 626 1617 654 summa
1644 608 1811 655 celeri—

387 699 482 736 tate
500 688 759 736 convaluit.
780 688 903 734 Nam
918 687 1135 733 vicesima
1153 697 1406 751 postquam
1425 685 1472 731 id
1489 685 1721 732 acciderat
1737 685 1811 732 die

386 767 739 830 Noviomagum
765 764 1007 829 profectus
1022 800 1034 821 ‚
1057 774 1231 811 venatu
1262 781 1358 810 sese
1382 763 1645 811 exercebat.
1674 763 1812 811 Unde

385 862 617 900 reversus,
640 842 909 908 generalem
928 842 1095 906 populi
1120 843 1190 887 sui
1213 853 1507 889 conventum
1527 842 1808 906 Aquisgrani

384 940 520 969 more
539 922 682 968 solito
704 919 870 966 habuit
883 956 896 977 ‚
920 920 970 965 in
990 937 1091 983 quo
1111 919 1261 965 filium
1282 937 1419 966 suum
1436 920 1813 985 primogenitum

383 999 692 1047 Hlotharium
716 998 995 1053 coronavit,
1034 1006 1081 1043 et
1112 996 1321 1043 nominis
1354 1008 1494 1062 atque
1525 998 1711 1061 imperii
1741 1000 1812 1044 sui

386 1078 570 1124 socium
588 1075 677 1122 sibi
703 1075 978 1131 constituit,
1001 1086 1198 1121 caeteros
1217 1091 1347 1138 reges
1365 1076 1639 1138 appellatos,
1662 1093 1814 1122 unum

383 1154 657 1219 Aquitaniae
673 1191 684 1213 ⁷
706 1153 911 1199 alterum
929 1152 1156 1215 Bajoariae
1173 1152 1403 1216 praefecit.
1432 1153 1684 1199 Conventu
1708 1171 1812 1216 per--

386 1243 491 1280 acto
521 1233 596 1296 (2)
618 1267 630 1288 ‚
659 1249 768 1277 cum
791 1230 962 1294 Vogesi
995 1230 1166 1275 saltum
1190 1230 1393 1275 venandi
1419 1231 1565 1294 gratia
1603 1241 1810 1294 peteret,

383 1311 551 1358 obvios
577 1309 745 1356 habuit
778 1309 955 1373 legatos
985 1309 1156 1355 Leonis
1191 1308 1520 1372 imperatori&
1554 1326 1674 1373 quos
1706 1327 1813 1355 cum

388 1388 435 1433 in
460 1386 721 1451 Ingelheim
743 1385 919 1449 palatio
939 1387 1073 1449 juxta
1092 1385 1453 1449 Mogontiacum
1477 1386 1716 1432 civitatem
1739 1404 1815 1433 au-

389 1464 532 1510 disset
544 1500 556 1521 ,
580 1481 631 1509 ac
651 1463 939 1527 legationem
955 1479 1123 1508 eorum
1142 1479 1242 1508 non
1260 1461 1398 1507 aliam
1417 1479 1512 1509 esse
1527 1499 1538 1521 ,
1561 1463 1651 1508 nisi
1671 1480 1813 1528 quam

388 1541 633 1588 Niciforus
667 1540 875 1605 ejusdem
902 1539 1202 1603 imperatoris
1234 1539 1413 1605 legatus
1446 1541 1664 1603 proxime
1694 1552 1816 1588 attu—

390 1620 509 1666 lerat
522 1655 535 1676 ‚
563 1619 894 1683 comperisset,
923 1617 1139 1664 celeriter
1159 1617 1401 1664 absolutos
1421 1617 1624 1675 dimisit,
1652 1630 1698 1665 et
1717 1635 1815 1683 quo

394 1696 619 1744 tendebat
636 1696 974 1760 proficiscitur.
990 1694 1319 1758 Nunciataque
1332 1694 1599 1742 defectione
1610 1695 1812 1742 Abodri-

394 1786 555 1822 torum
575 1786 621 1823 et
641 1775 908 1834 Sclaomiri,
930 1771 1187 1821 comitibus
1206 1782 1391 1818 tantum
1410 1773 1491 1837 qui
1502 1775 1636 1836 juxta
1652 1773 1814 1820 Albim

394 1853 444 1898 in
470 1851 692 1915 praesidio
718 1851 923 1898 residere
947 1848 1192 1906 solebant,
1220 1859 1273 1895 ut
1301 1849 1529 1896 terminos
1563 1848 1650 1894 sibi
1681 1867 1816 1896 com-

394 1930 560 1977 missos
586 1939 853 1985 tuerentur,
881 1945 967 1992 per
986 1927 1194 1992 legatum
1217 1925 1476 1972 mandavit.
1498 1926 1641 1972 Causa
1660 1926 1818 1974 defec-

394 2007 540 2053 tionis
564 2016 664 2053 erat
681 2042 694 2063 ,
722 2006 853 2070 quod
878 2005 1055 2069 regiam
1087 2013 1368 2067 potestatem
1385 2038 1398 2060 ‚
1420 2021 1564 2068 quam
1587 2004 1817 2051 Sclaomir

397 2094 587 2131 eatenus
602 2093 709 2147 post
724 2094 934 2130 mortem
953 2081 1240 2128 Thrasconis
1256 2081 1383 2128 solus
1401 2099 1542 2145 super
1558 2081 1818 2129 Abodritos

397 2160 609 2220 tenebat,
638 2178 746 2206 cum
766 2159 1004 2224 Ceaclrago
1023 2158 1124 2205 filio
1137 2158 1421 2206 Thrasconis
1438 2159 1604 2223 partiri
1618 2158 1818 2224 jubeba-

399 2249 478 2284 tur
488 2258 501 2296 ;
524 2255 631 2303 quae
648 2255 722 2284 res
738 2237 873 2282 illum
892 2247 989 2282 tam
1004 2236 1211 2300 graviter
1228 2235 1540 2293 exacerbavit,
1561 2246 1615 2282 ut
1631 2236 1820 2282 affirma-

397 2325 471 2362 ret
497 2333 543 2362 se
570 2332 817 2379 nunquam
840 2313 1036 2378 posthac
1061 2313 1225 2360 Albim
1249 2314 1450 2360 fluvium
1473 2314 1786 2360 transiturum
1803 2351 1815 2372 ,

400 2409 554 2456 neque
577 2390 634 2437 ad
655 2390 882 2455 palatium
903 2401 1177 2437 venturum.
1199 2390 1368 2436 Statim
1385 2391 1520 2436 missa
1543 2401 1670 2436 trans
1689 2408 1819 2437 mare

401 2470 633 2533 legatione
651 2504 664 2525 ,
700 2468 862 2532 junxit
895 2467 1122 2514 amicitias
1162 2485 1269 2514 cum
1303 2467 1410 2514 filiis
1446 2466 1697 2514 Godofridi
1716 2503 1728 2524 ‚
1772 2478 1817 2514 et

447 2665 496 2707 (si)
524 2663 565 2696 Ι).
588 2663 702 2708 Bouq.
717 2673 799 2695 cuin
820 2661 939 2695 Nuen.
962 2661 1093 2695 comite
1112 2676 1116 2693 :
1140 2673 1261 2705 opera.

448 2725 496 2767 (a)
526 2724 553 2756 l)
591 2724 702 2769 llouq.
729 2725 915 2756 conventu
934 2735 1020 2756 ¹vcro
1039 2728 1198 2762 peracto.
