1924 3183
424 200 497 235 182
1001 199 1252 237 KAROLUS.

940 326 1314 373 DCCLXXXII.

481 433 675 480 AEstatis
712 433 878 490 initio,
916 450 1025 479 cum
1059 435 1157 496 jam
1201 443 1401 496 propter
1447 431 1608 496 pabuli
1651 435 1833 498 copiam

416 511 651 557 exercitus
669 510 775 557 duci
795 521 1004 575 poterat,
1024 510 1071 555 in
1085 510 1339 556 Saxoniam
1357 509 1585 567 eundum,
1606 521 1653 558 et
1676 510 1762 577 ibi,
1782 522 1836 558 ut

416 589 466 634 in
490 589 688 635 Francia
719 588 977 653 quotannis
1003 586 1212 644 solebat,
1248 587 1519 652 generalem
1544 599 1836 636 conventum

416 665 687 713 habendum
700 666 901 714 censuit.
921 667 1236 730 Trajectoque
1250 664 1374 728 apud
1389 664 1638 711 Coloniam
1651 667 1833 724 Hreno,

416 761 526 790 cum
550 744 681 791 omni
706 746 1002 790 Francorum
1020 743 1233 789 exercitu
1261 741 1318 788 ad
1337 742 1524 790 fontem
1546 744 1728 807 Lippiae
1752 762 1836 791 ve—

416 822 488 868 nit
503 857 515 878 ,
538 832 585 868 et
605 822 767 868 castris
788 820 853 867 ibi
880 821 1045 885 positis
1062 857 1074 877 ,
1097 838 1182 884 per
1206 820 1302 867 dies
1326 837 1426 866 non
1462 838 1637 884 paucos
1660 819 1836 868 ibidem

416 910 628 948 moratus
661 910 747 946 est.
784 898 879 946 Ubi
920 900 1046 946 inter
1079 910 1247 946 caetera
1273 899 1462 963 negotia
1493 899 1634 946 etiam
1661 899 1836 964 legatos

416 977 658 1043 sigifridi,
697 977 819 1042 regis
851 978 1126 1032 Danorum,
1156 986 1204 1021 et
1227 993 1346 1041 quos
1371 977 1427 1022 ad
1461 994 1507 1023 se
1542 978 1761 1041 Kaganus
1790 988 1837 1024 et

414 1055 678 1119 Jugurrus,
712 1054 951 1118 principes
977 1053 1048 1117 (1)
1080 1053 1354 1109 Hunorum,
1387 1053 1518 1099 velut
1547 1053 1673 1116 pacis
1704 1071 1836 1099 causa

416 1133 681 1189 miserunt,
721 1142 766 1179 et
804 1132 982 1177 audivit
1014 1142 1060 1178 et
1085 1130 1306 1178 absolvit.
1346 1133 1563 1196 Cumque
1597 1141 1837 1178 conventu

362 1242 366 1250 ι
416 1212 684 1274 completo,
727 1220 856 1256 trans
888 1210 1105 1255 Hrenum
1148 1210 1199 1255 in
1234 1209 1438 1256 Galliam
1470 1228 1517 1256 se
1553 1210 1834 1273 recepisset,

415 1288 740 1335 Widokindus
766 1288 864 1350 (2),
895 1287 977 1350 qui
1008 1286 1065 1332 ad
1089 1286 1417 1334 Nortmannos
1446 1286 1749 1351 profugerat,
1789 1289 1839 1333 in

415 1366 617 1430 patriam
642 1382 882 1421 reversus,
923 1365 1054 1410 vanis
1088 1363 1259 1428 spebus
1284 1365 1525 1412 Saxonum
1560 1365 1743 1411 animos
1782 1362 1838 1410 ad

416 1444 733 1491 defectionem
761 1444 1037 1492 concitavit.
1072 1445 1254 1489 Interea
1282 1444 1377 1507 regi
1413 1443 1607 1489 allatum
1634 1445 1707 1507 (3)
1740 1453 1834 1500 est,

417 1520 547 1586 quod
567 1520 732 1567 Sorabi
762 1520 913 1566 Sclavi
930 1556 942 1576 ‚
966 1520 1048 1584 qui
1071 1537 1262 1583 campos
1288 1519 1414 1566 inter
1436 1519 1598 1566 Albim
1618 1531 1664 1567 et
1685 1519 1838 1565 Salam

419 1601 749 1663 interjacentes
770 1598 991 1646 incolunt
1004 1633 1017 1654 ‚
1037 1598 1084 1643 in
1106 1597 1223 1644 fines
1244 1595 1610 1662 Thuringorum
1628 1615 1680 1643 ac
1696 1598 1838 1644 Saxo-

419 1696 562 1734 num,
589 1678 671 1742 qui
697 1676 761 1723 eis
785 1686 922 1723 erant
947 1676 1266 1735 contermini,
1290 1675 1534 1739 praedandi
1561 1693 1693 1722 causa
1720 1675 1839 1722 fuis-

419 1767 523 1804 sent
556 1756 778 1821 ingressi,
809 1766 856 1802 et
886 1754 1239 1819 direptionibus
1277 1765 1418 1820 atque
1452 1753 1681 1801 incendiis
1711 1772 1841 1819 quae-

419 1836 526 1881 dam
554 1835 655 1882 loca
681 1844 954 1880 vastassent.
993 1833 1107 1893 Qui,
1145 1832 1304 1878 statim
1338 1832 1499 1878 accitis
1525 1832 1581 1878 ad
1614 1850 1661 1879 se
1686 1831 1842 1879 tribus

421 1912 652 1958 ministris
675 1912 768 1957 suis
784 1947 797 1967 ‚
837 1910 1055 1974 Adalgiso
1081 1911 1340 1957 camerario
1373 1910 1440 1973 (4)
1464 1920 1512 1956 et
1533 1909 1735 1957 Geilone
1768 1910 1842 1974 (5)

424 1991 598 2037 comite
629 1988 802 2035 stabuli
827 2000 873 2036 et
912 1987 1130 2035 VVoraclo
1162 1988 1336 2034 comite
1372 1987 1556 2051 palatii,
1582 1989 1838 2052 praecepit,

423 2078 477 2114 ut
501 2067 700 2131 sumptis
720 2084 878 2113 secum
907 2064 1221 2112 orientalibus
1245 2065 1440 2111 Francis
1463 2076 1603 2130 atque
1638 2065 1842 2113 Saxoni-

425 2145 538 2203 bus,
578 2144 934 2191 contumacium
964 2143 1242 2189 Sclavorum
1278 2143 1518 2189 audaciam
1545 2154 1720 2208 quanta
1751 2162 1842 2208 po-

472 2365 521 2409 (1)
547 2361 638 2398 Cod.
659 2360 753 2406 Reg.
767 2360 850 2394 Par.
868 2357 959 2405 5924
975 2375 980 2392 :
1000 2360 1184 2404 princeps.

473 2424 522 2469 (2)
549 2421 621 2456 All.
648 2418 924 2460 ll'idoclzindus,
950 2418 997 2451 W
996 2417 1199 2461 idocindus,
1224 2415 1475 2456 Wide'lfimius;
1495 2424 1531 2451 et
1546 2417 1662 2451 insi-a:
1687 2417 1735 2450 W
1733 2416 1842 2451 indu-

427 2483 571 2518 Αἰγαίας.
876 2485 881 2491 “

471 2543 523 2589 (ὃ)
548 2542 699 2577 Freher.
723 2541 931 2574 nuntiatum
949 2545 1014 2573 est.

474 2604 527 2645 (4)
553 2599 671 2636 Codd.
701 2600 911 2634 Hannover.
933 2604 970 2632 et
999 2596 1210 2633 Vindobon.
1237 2609 1299 2630 110
1330 2602 1364 2630 et
1390 2607 1458 2642 990
1492 2611 1496 2627 ε
1527 2596 1728 2629 camerario
1757 2606 1839 2631 suoj

429 2663 575 2696 Nilenar
595 2670 715 2693 comes
737 2673 742 2690 z
765 2657 1001 2691 cubiculario.

478 2720 524 2761 ssi).
550 2718 640 2753 (lod.
663 2716 877 2754 ¹Yindobon.
907 2730 966 2749 ιω
988 2731 992 2748 t
1021 2713 1180 2748 Gpdmm
