<?xml version="1.0" encoding="UTF-8"?>
<!DOCTYPE html PUBLIC "-//W3C//DTD XHTML 1.0 Transitional//EN"
    "http://www.w3.org/TR/xhtml1/DTD/xhtml1-transitional.dtd">
<html xmlns="http://www.w3.org/1999/xhtml" xml:lang="en" lang="en">
 <head>
  <title>
</title>
<meta http-equiv="Content-Type" content="text/html;charset=utf-8" />
  <meta name='ocr-system' content='tesseract 3.04.00' />
  <meta name='ocr-capabilities' content='ocr_page ocr_carea ocr_par ocr_line ocrx_word'/>
</head>
<body>
  <div class='ocr_page' id='page_1' title='image "./einhardiomniaqua01einhuoft_0424.png"; bbox 0 0 1924 3183; ppageno 0'>
   <div class='ocr_carea' id='block_1_1' title="bbox 356 153 1189 195">
    <p class='ocr_par' dir='ltr' id='par_1_1' title="bbox 356 153 1189 195">
     <span class='ocr_line' id='line_1_1' title="bbox 356 153 1189 195; baseline -0.005 -1"><span class='ocrx_word' id='word_1_1' title='bbox 356 158 431 195; x_wconf 65' lang='lat'>⁴298</span> <span class='ocrx_word' id='word_1_2' title='bbox 940 153 1189 193; x_wconf 77' lang='lat' dir='ltr'><strong>RAROLUS.</strong></span> 
     </span>
    </p>
   </div>
   <div class='ocr_carea' id='block_1_2' title="bbox 354 241 1785 2239">
    <p class='ocr_par' dir='ltr' id='par_1_2' title="bbox 354 241 1785 2239">
     <span class='ocr_line' id='line_1_2' title="bbox 354 241 1771 305; baseline -0.001 -17"><span class='ocrx_word' id='word_1_3' title='bbox 354 242 478 290; x_wconf 88' lang='lat' dir='ltr'>lonis</span> <span class='ocrx_word' id='word_1_4' title='bbox 507 241 671 305; x_wconf 82' lang='lat' dir='ltr'>adepta</span> <span class='ocrx_word' id='word_1_5' title='bbox 690 241 936 287; x_wconf 86' lang='lat' dir='ltr'>victoriam</span> <span class='ocrx_word' id='word_1_6' title='bbox 963 242 1037 304; x_wconf 86' lang='lat' dir='ltr'>(i)</span> <span class='ocrx_word' id='word_1_7' title='bbox 1056 276 1069 298; x_wconf 91' lang='lat'><em>,</em></span> <span class='ocrx_word' id='word_1_8' title='bbox 1099 241 1268 286; x_wconf 89' lang='lat' dir='ltr'>fratres</span> <span class='ocrx_word' id='word_1_9' title='bbox 1298 242 1394 303; x_wconf 83' lang='lat' dir='ltr'>ejus</span> <span class='ocrx_word' id='word_1_10' title='bbox 1423 241 1700 287; x_wconf 84' lang='lat' dir='ltr'>Herioldum</span> <span class='ocrx_word' id='word_1_11' title='bbox 1724 253 1771 288; x_wconf 78' lang='lat' dir='ltr'>et</span> 
     </span>
     <span class='ocr_line' id='line_1_3' title="bbox 356 316 1770 382; baseline 0 -19"><span class='ocrx_word' id='word_1_12' title='bbox 356 316 689 382; x_wconf 81' lang='lat' dir='ltr'>Reginfridum</span> <span class='ocrx_word' id='word_1_13' title='bbox 707 317 781 380; x_wconf 89' lang='lat'>(2)</span> <span class='ocrx_word' id='word_1_14' title='bbox 800 334 930 381; x_wconf 81' lang='lat' dir='ltr'>reges</span> <span class='ocrx_word' id='word_1_15' title='bbox 947 316 1035 362; x_wconf 87' lang='lat' dir='ltr'>sibi</span> <span class='ocrx_word' id='word_1_16' title='bbox 1056 316 1328 373; x_wconf 86' lang='lat' dir='ltr'>constituit;</span> <span class='ocrx_word' id='word_1_17' title='bbox 1350 333 1492 380; x_wconf 86' lang='lat' dir='ltr'>quam</span> <span class='ocrx_word' id='word_1_18' title='bbox 1513 318 1770 364; x_wconf 88' lang='lat' dir='ltr'>necessario</span> 
     </span>
     <span class='ocr_line' id='line_1_4' title="bbox 355 393 1772 458; baseline 0 -18"><span class='ocrx_word' id='word_1_19' title='bbox 355 412 462 458; x_wconf 87' lang='lat' dir='ltr'>pars</span> <span class='ocrx_word' id='word_1_20' title='bbox 484 395 606 440; x_wconf 88' lang='lat' dir='ltr'>victa</span> <span class='ocrx_word' id='word_1_21' title='bbox 631 404 811 451; x_wconf 87' lang='lat' dir='ltr'>secuta,</span> <span class='ocrx_word' id='word_1_22' title='bbox 840 393 1027 442; x_wconf 89' lang='lat' dir='ltr'>eosdem</span> <span class='ocrx_word' id='word_1_23' title='bbox 1053 393 1140 440; x_wconf 89' lang='lat' dir='ltr'>sibi</span> <span class='ocrx_word' id='word_1_24' title='bbox 1162 411 1358 458; x_wconf 79' lang='lat' dir='ltr'>regnare</span> <span class='ocrx_word' id='word_1_25' title='bbox 1375 410 1474 440; x_wconf 88' lang='lat' dir='ltr'>non</span> <span class='ocrx_word' id='word_1_26' title='bbox 1500 393 1668 440; x_wconf 85' lang='lat' dir='ltr'>abnuit</span> <span class='ocrx_word' id='word_1_27' title='bbox 1689 414 1699 440; x_wconf 75' lang='grc' dir='ltr'>ε</span> <span class='ocrx_word' id='word_1_28' title='bbox 1722 395 1772 440; x_wconf 90' lang='lat' dir='ltr'>in</span> 
     </span>
     <span class='ocr_line' id='line_1_5' title="bbox 355 471 1769 536; baseline -0.002 -17"><span class='ocrx_word' id='word_1_29' title='bbox 355 489 411 519; x_wconf 91' lang='lat' dir='ltr'>eo</span> <span class='ocrx_word' id='word_1_30' title='bbox 442 471 612 536; x_wconf 84' lang='lat' dir='ltr'>praelio</span> <span class='ocrx_word' id='word_1_31' title='bbox 639 489 671 518; x_wconf 86' lang='lat' dir='ltr'><strong>x</strong></span> <span class='ocrx_word' id='word_1_32' title='bbox 703 472 852 518; x_wconf 89' lang='lat' dir='ltr'>millia</span> <span class='ocrx_word' id='word_1_33' title='bbox 885 488 1097 518; x_wconf 69' lang='lat' dir='ltr'>Decccm.</span> <span class='ocrx_word' id='word_1_34' title='bbox 1126 472 1215 517; x_wconf 75' lang='lat' dir='ltr'>viri</span> <span class='ocrx_word' id='word_1_35' title='bbox 1247 471 1463 519; x_wconf 86' lang='lat' dir='ltr'>cecidisse</span> <span class='ocrx_word' id='word_1_36' title='bbox 1495 482 1769 517; x_wconf 84' lang='lat' dir='ltr'>narrantur.</span> 
     </span>
     <span class='ocr_line' id='line_1_6' title="bbox 356 548 1770 613; baseline -0.001 -18"><span class='ocrx_word' id='word_1_37' title='bbox 356 549 597 596; x_wconf 88' lang='lat' dir='ltr'>Niciforus</span> <span class='ocrx_word' id='word_1_38' title='bbox 622 549 880 613; x_wconf 88' lang='lat' dir='ltr'>imperator</span> <span class='ocrx_word' id='word_1_39' title='bbox 902 559 1010 613; x_wconf 88' lang='lat' dir='ltr'>post</span> <span class='ocrx_word' id='word_1_40' title='bbox 1030 548 1200 594; x_wconf 88' lang='lat' dir='ltr'>multas</span> <span class='ocrx_word' id='word_1_41' title='bbox 1224 559 1271 596; x_wconf 86' lang='lat' dir='ltr'>et</span> <span class='ocrx_word' id='word_1_42' title='bbox 1294 548 1500 613; x_wconf 81' lang='lat' dir='ltr'><strong>insignes</strong></span> <span class='ocrx_word' id='word_1_43' title='bbox 1526 548 1770 603; x_wconf 81' lang='lat' dir='ltr'>victorias,</span> 
     </span>
     <span class='ocr_line' id='line_1_7' title="bbox 356 626 1775 691; baseline -0.001 -18"><span class='ocrx_word' id='word_1_44' title='bbox 356 628 406 674; x_wconf 89' lang='lat' dir='ltr'>in</span> <span class='ocrx_word' id='word_1_45' title='bbox 445 627 612 674; x_wconf 87' lang='lat' dir='ltr'>Moesia</span> <span class='ocrx_word' id='word_1_46' title='bbox 647 628 891 691; x_wconf 87' lang='lat' dir='ltr'>provincia</span> <span class='ocrx_word' id='word_1_47' title='bbox 930 628 1182 674; x_wconf 90' lang='lat' dir='ltr'>commisso</span> <span class='ocrx_word' id='word_1_48' title='bbox 1219 644 1327 673; x_wconf 90' lang='lat' dir='ltr'>cum</span> <span class='ocrx_word' id='word_1_49' title='bbox 1357 627 1569 691; x_wconf 82' lang='lat' dir='ltr'>Bulgaris</span> <span class='ocrx_word' id='word_1_50' title='bbox 1606 626 1775 690; x_wconf 82' lang='lat' dir='ltr'>praelio</span> 
     </span>
     <span class='ocr_line' id='line_1_8' title="bbox 357 703 1777 769; baseline -0.001 -19"><span class='ocrx_word' id='word_1_51' title='bbox 357 706 583 765; x_wconf 83' lang='lat' dir='ltr'>moritur,</span> <span class='ocrx_word' id='word_1_52' title='bbox 624 716 671 752; x_wconf 89' lang='lat' dir='ltr'>et</span> <span class='ocrx_word' id='word_1_53' title='bbox 699 705 901 752; x_wconf 90' lang='lat' dir='ltr'>Michael</span> <span class='ocrx_word' id='word_1_54' title='bbox 933 723 1078 769; x_wconf 80' lang='lat' dir='ltr'>gener</span> <span class='ocrx_word' id='word_1_55' title='bbox 1111 707 1208 769; x_wconf 87' lang='lat' dir='ltr'>ejus</span> <span class='ocrx_word' id='word_1_56' title='bbox 1240 705 1501 768; x_wconf 83' lang='lat' dir='ltr'>imperator</span> <span class='ocrx_word' id='word_1_57' title='bbox 1532 703 1684 750; x_wconf 83' lang='lat' dir='ltr'>factus</span> <span class='ocrx_word' id='word_1_58' title='bbox 1713 703 1777 749; x_wconf 92' lang='lat' dir='ltr'>le-</span> 
     </span>
     <span class='ocr_line' id='line_1_9' title="bbox 355 782 1775 848; baseline -0.002 -19"><span class='ocrx_word' id='word_1_59' title='bbox 355 794 485 848; x_wconf 77' lang='lat' dir='ltr'>gatos</span> <span class='ocrx_word' id='word_1_60' title='bbox 531 784 831 848; x_wconf 85' lang='lat' dir='ltr'>imperatoris</span> <span class='ocrx_word' id='word_1_61' title='bbox 872 783 1035 830; x_wconf 90' lang='lat' dir='ltr'>Karoli</span> <span class='ocrx_word' id='word_1_62' title='bbox 1053 819 1066 840; x_wconf 86' lang='lat'><strong><em>,</em></strong></span> <span class='ocrx_word' id='word_1_63' title='bbox 1112 784 1193 848; x_wconf 88' lang='lat' dir='ltr'>qui</span> <span class='ocrx_word' id='word_1_64' title='bbox 1238 782 1293 828; x_wconf 89' lang='lat' dir='ltr'>ad</span> <span class='ocrx_word' id='word_1_65' title='bbox 1339 782 1610 829; x_wconf 88' lang='lat' dir='ltr'>Niciforum</span> <span class='ocrx_word' id='word_1_66' title='bbox 1648 782 1775 827; x_wconf 91' lang='lat' dir='ltr'>missi</span> 
     </span>
     <span class='ocr_line' id='line_1_10' title="bbox 356 857 1778 923; baseline -0.003 -17"><span class='ocrx_word' id='word_1_67' title='bbox 356 860 554 907; x_wconf 88' lang='lat' dir='ltr'>fuerunt</span> <span class='ocrx_word' id='word_1_68' title='bbox 568 896 580 916; x_wconf 91' lang='lat'>,</span> <span class='ocrx_word' id='word_1_69' title='bbox 610 860 659 905; x_wconf 92' lang='lat' dir='ltr'>in</span> <span class='ocrx_word' id='word_1_70' title='bbox 679 859 1097 923; x_wconf 82' lang='lat' dir='ltr'>Constantinopoli</span> <span class='ocrx_word' id='word_1_71' title='bbox 1123 860 1326 923; x_wconf 84' lang='lat' dir='ltr'><strong>suscepit</strong></span> <span class='ocrx_word' id='word_1_72' title='bbox 1346 870 1393 906; x_wconf 88' lang='lat' dir='ltr'>et</span> <span class='ocrx_word' id='word_1_73' title='bbox 1416 857 1644 914; x_wconf 84' lang='lat' dir='ltr'>absolvit;</span> <span class='ocrx_word' id='word_1_74' title='bbox 1668 875 1778 903; x_wconf 90' lang='lat' dir='ltr'>cum</span> 
     </span>
     <span class='ocr_line' id='line_1_11' title="bbox 356 936 1779 1002; baseline -0.001 -19"><span class='ocrx_word' id='word_1_75' title='bbox 356 936 531 1002; x_wconf 89' lang='lat' dir='ltr'>quihus</span> <span class='ocrx_word' id='word_1_76' title='bbox 553 948 600 983; x_wconf 87' lang='lat' dir='ltr'>et</span> <span class='ocrx_word' id='word_1_77' title='bbox 623 953 731 983; x_wconf 89' lang='lat' dir='ltr'>suos</span> <span class='ocrx_word' id='word_1_78' title='bbox 755 937 931 1001; x_wconf 83' lang='lat' dir='ltr'>legatos</span> <span class='ocrx_word' id='word_1_79' title='bbox 955 936 1154 994; x_wconf 84' lang='lat' dir='ltr'>direxit,</span> <span class='ocrx_word' id='word_1_80' title='bbox 1181 936 1459 984; x_wconf 88' lang='lat' dir='ltr'>Michaelem</span> <span class='ocrx_word' id='word_1_81' title='bbox 1480 936 1657 982; x_wconf 91' lang='lat' dir='ltr'>scilicet</span> <span class='ocrx_word' id='word_1_82' title='bbox 1680 936 1779 999; x_wconf 88' lang='lat' dir='ltr'>epi·</span> 
     </span>
     <span class='ocr_line' id='line_1_12' title="bbox 358 1014 1779 1080; baseline -0.001 -19"><span class='ocrx_word' id='word_1_83' title='bbox 358 1032 581 1079; x_wconf 81' lang='lat' dir='ltr'>scopum,</span> <span class='ocrx_word' id='word_1_84' title='bbox 608 1025 655 1062; x_wconf 84' lang='lat' dir='ltr'>et</span> <span class='ocrx_word' id='word_1_85' title='bbox 676 1014 913 1061; x_wconf 86' lang='lat' dir='ltr'>Arsafium</span> <span class='ocrx_word' id='word_1_86' title='bbox 933 1015 1007 1078; x_wconf 77' lang='lat'>(3)</span> <span class='ocrx_word' id='word_1_87' title='bbox 1034 1025 1174 1080; x_wconf 85' lang='lat' dir='ltr'>atque</span> <span class='ocrx_word' id='word_1_88' title='bbox 1194 1014 1555 1079; x_wconf 80' lang='lat' dir='ltr'>Theognostum</span> <span class='ocrx_word' id='word_1_89' title='bbox 1574 1014 1647 1077; x_wconf 62' lang='lat' dir='ltr'>(A)</span> <span class='ocrx_word' id='word_1_90' title='bbox 1668 1030 1779 1076; x_wconf 87' lang='lat' dir='ltr'>pro-</span> 
     </span>
     <span class='ocr_line' id='line_1_13' title="bbox 360 1091 1778 1156; baseline -0.001 -18"><span class='ocrx_word' id='word_1_91' title='bbox 360 1092 699 1156; x_wconf 83' lang='lat' dir='ltr'>tospatharios,</span> <span class='ocrx_word' id='word_1_92' title='bbox 737 1103 784 1139; x_wconf 89' lang='lat' dir='ltr'>et</span> <span class='ocrx_word' id='word_1_93' title='bbox 815 1110 900 1155; x_wconf 82' lang='lat' dir='ltr'>pei·</span> <span class='ocrx_word' id='word_1_94' title='bbox 932 1111 1010 1140; x_wconf 90' lang='lat' dir='ltr'>eos</span> <span class='ocrx_word' id='word_1_95' title='bbox 1040 1109 1201 1155; x_wconf 88' lang='lat' dir='ltr'>pacem</span> <span class='ocrx_word' id='word_1_96' title='bbox 1233 1109 1257 1136; x_wconf 89' lang='lat' dir='ltr'>a</span> <span class='ocrx_word' id='word_1_97' title='bbox 1288 1091 1505 1139; x_wconf 86' lang='lat' dir='ltr'>Niciforo</span> <span class='ocrx_word' id='word_1_98' title='bbox 1543 1092 1778 1155; x_wconf 79' lang='lat' dir='ltr'>inceptam</span> 
     </span>
     <span class='ocr_line' id='line_1_14' title="bbox 362 1168 1779 1234; baseline -0.003 -17"><span class='ocrx_word' id='word_1_99' title='bbox 362 1170 681 1218; x_wconf 78' lang='lat' dir='ltr'>confirmavit.</span> <span class='ocrx_word' id='word_1_100' title='bbox 724 1170 846 1217; x_wconf 89' lang='lat' dir='ltr'>Nam</span> <span class='ocrx_word' id='word_1_101' title='bbox 885 1170 1169 1234; x_wconf 77' lang='lat' dir='ltr'>Aquisgrani</span> <span class='ocrx_word' id='word_1_102' title='bbox 1192 1206 1204 1226; x_wconf 90' lang='lat'>‚</span> <span class='ocrx_word' id='word_1_103' title='bbox 1236 1169 1319 1215; x_wconf 86' lang='lat' dir='ltr'>ubi</span> <span class='ocrx_word' id='word_1_104' title='bbox 1352 1168 1409 1215; x_wconf 88' lang='lat' dir='ltr'>ad</span> <span class='ocrx_word' id='word_1_105' title='bbox 1444 1169 1779 1233; x_wconf 83' lang='lat' dir='ltr'>imperatorem</span> 
     </span>
     <span class='ocr_line' id='line_1_15' title="bbox 359 1246 1777 1311; baseline -0.001 -17"><span class='ocrx_word' id='word_1_106' title='bbox 359 1258 596 1295; x_wconf 85' lang='lat' dir='ltr'>venerunt</span> <span class='ocrx_word' id='word_1_107' title='bbox 608 1283 621 1305; x_wconf 89' lang='lat'><em>‚</em></span> <span class='ocrx_word' id='word_1_108' title='bbox 643 1249 874 1311; x_wconf 83' lang='lat' dir='ltr'>scriptum</span> <span class='ocrx_word' id='word_1_109' title='bbox 890 1248 1014 1311; x_wconf 87' lang='lat' dir='ltr'>pacti</span> <span class='ocrx_word' id='word_1_110' title='bbox 1035 1246 1092 1293; x_wconf 87' lang='lat' dir='ltr'>ab</span> <span class='ocrx_word' id='word_1_111' title='bbox 1110 1265 1167 1295; x_wconf 92' lang='lat' dir='ltr'>eo</span> <span class='ocrx_word' id='word_1_112' title='bbox 1184 1248 1231 1294; x_wconf 88' lang='lat' dir='ltr'>in</span> <span class='ocrx_word' id='word_1_113' title='bbox 1246 1246 1437 1295; x_wconf 86' lang='lat' dir='ltr'>ecclesia</span> <span class='ocrx_word' id='word_1_114' title='bbox 1454 1246 1777 1311; x_wconf 85' lang='lat' dir='ltr'>suscipientes,</span> 
     </span>
     <span class='ocr_line' id='line_1_16' title="bbox 361 1323 1777 1389; baseline -0.001 -19"><span class='ocrx_word' id='word_1_115' title='bbox 361 1342 496 1371; x_wconf 88' lang='lat' dir='ltr'>more</span> <span class='ocrx_word' id='word_1_116' title='bbox 530 1342 645 1381; x_wconf 86' lang='lat' dir='ltr'>suo,</span> <span class='ocrx_word' id='word_1_117' title='bbox 685 1323 732 1370; x_wconf 89' lang='lat' dir='ltr'>id</span> <span class='ocrx_word' id='word_1_118' title='bbox 758 1334 828 1371; x_wconf 90' lang='lat' dir='ltr'>est</span> <span class='ocrx_word' id='word_1_119' title='bbox 857 1341 1010 1388; x_wconf 81' lang='lat' dir='ltr'>graeca</span> <span class='ocrx_word' id='word_1_120' title='bbox 1041 1324 1230 1389; x_wconf 81' lang='lat' dir='ltr'>lingua,</span> <span class='ocrx_word' id='word_1_121' title='bbox 1270 1323 1428 1370; x_wconf 88' lang='lat' dir='ltr'>laudes</span> <span class='ocrx_word' id='word_1_122' title='bbox 1455 1323 1496 1370; x_wconf 88' lang='lat' dir='ltr'>ei</span> <span class='ocrx_word' id='word_1_123' title='bbox 1526 1323 1777 1378; x_wconf 86' lang='lat' dir='ltr'>dixerunt,</span> 
     </span>
     <span class='ocr_line' id='line_1_17' title="bbox 364 1401 1781 1465; baseline -0.001 -18"><span class='ocrx_word' id='word_1_124' title='bbox 364 1402 700 1465; x_wconf 79' lang='lat' dir='ltr'>imperatorem</span> <span class='ocrx_word' id='word_1_125' title='bbox 719 1419 828 1448; x_wconf 89' lang='lat' dir='ltr'>eum</span> <span class='ocrx_word' id='word_1_126' title='bbox 844 1411 890 1448; x_wconf 88' lang='lat' dir='ltr'>et</span> <span class='ocrx_word' id='word_1_127' title='bbox 907 1401 1135 1448; x_wconf 84' lang='lat' dir='ltr'>basileum</span> <span class='ocrx_word' id='word_1_128' title='bbox 1152 1401 1220 1464; x_wconf 78' lang='lat'>(5)</span> <span class='ocrx_word' id='word_1_129' title='bbox 1239 1401 1526 1465; x_wconf 86' lang='lat' dir='ltr'>appellantes</span> <span class='ocrx_word' id='word_1_130' title='bbox 1537 1436 1550 1457; x_wconf 90' lang='lat'><strong><em>,</em></strong></span> <span class='ocrx_word' id='word_1_131' title='bbox 1570 1411 1616 1447; x_wconf 90' lang='lat' dir='ltr'>et</span> <span class='ocrx_word' id='word_1_132' title='bbox 1629 1417 1781 1446; x_wconf 85' lang='lat' dir='ltr'>rever-</span> 
     </span>
     <span class='ocr_line' id='line_1_18' title="bbox 364 1478 1782 1541; baseline -0.001 -16"><span class='ocrx_word' id='word_1_133' title='bbox 364 1480 509 1527; x_wconf 83' lang='lat' dir='ltr'>tendo</span> <span class='ocrx_word' id='word_1_134' title='bbox 529 1481 732 1527; x_wconf 87' lang='lat' dir='ltr'>Romam</span> <span class='ocrx_word' id='word_1_135' title='bbox 749 1480 990 1527; x_wconf 87' lang='lat' dir='ltr'>venientes</span> <span class='ocrx_word' id='word_1_136' title='bbox 1006 1515 1017 1536; x_wconf 94' lang='lat'>‚</span> <span class='ocrx_word' id='word_1_137' title='bbox 1045 1480 1094 1525; x_wconf 90' lang='lat' dir='ltr'>in</span> <span class='ocrx_word' id='word_1_138' title='bbox 1113 1478 1302 1525; x_wconf 86' lang='lat' dir='ltr'>basilica</span> <span class='ocrx_word' id='word_1_139' title='bbox 1322 1479 1474 1525; x_wconf 88' lang='lat' dir='ltr'>sancti</span> <span class='ocrx_word' id='word_1_140' title='bbox 1494 1478 1621 1525; x_wconf 89' lang='lat' dir='ltr'>Petri</span> <span class='ocrx_word' id='word_1_141' title='bbox 1641 1495 1782 1541; x_wconf 88' lang='lat' dir='ltr'>apos-</span> 
     </span>
     <span class='ocr_line' id='line_1_19' title="bbox 366 1555 1782 1622; baseline -0.001 -19"><span class='ocrx_word' id='word_1_142' title='bbox 366 1558 450 1604; x_wconf 88' lang='lat' dir='ltr'>toli</span> <span class='ocrx_word' id='word_1_143' title='bbox 469 1557 671 1605; x_wconf 87' lang='lat' dir='ltr'>eundem</span> <span class='ocrx_word' id='word_1_144' title='bbox 689 1558 814 1622; x_wconf 89' lang='lat' dir='ltr'>pacti</span> <span class='ocrx_word' id='word_1_145' title='bbox 835 1575 915 1605; x_wconf 90' lang='lat' dir='ltr'>seu</span> <span class='ocrx_word' id='word_1_146' title='bbox 932 1557 1128 1604; x_wconf 87' lang='lat' dir='ltr'>foederis</span> <span class='ocrx_word' id='word_1_147' title='bbox 1144 1557 1361 1603; x_wconf 85' lang='lat' dir='ltr'>libellum</span> <span class='ocrx_word' id='word_1_148' title='bbox 1375 1575 1398 1603; x_wconf 91' lang='lat' dir='ltr'>a</span> <span class='ocrx_word' id='word_1_149' title='bbox 1410 1558 1569 1605; x_wconf 87' lang='lat' dir='ltr'>Leone</span> <span class='ocrx_word' id='word_1_150' title='bbox 1582 1573 1696 1620; x_wconf 88' lang='lat' dir='ltr'>papa</span> <span class='ocrx_word' id='word_1_151' title='bbox 1711 1555 1782 1602; x_wconf 91' lang='lat' dir='ltr'>de-</span> 
     </span>
     <span class='ocr_line' id='line_1_20' title="bbox 366 1631 1782 1698; baseline -0.001 -19"><span class='ocrx_word' id='word_1_152' title='bbox 366 1652 466 1680; x_wconf 87' lang='lat' dir='ltr'>nuo</span> <span class='ocrx_word' id='word_1_153' title='bbox 486 1644 812 1698; x_wconf 86' lang='lat' dir='ltr'>susceperunt.</span> <span class='ocrx_word' id='word_1_154' title='bbox 838 1633 1022 1693; x_wconf 85' lang='lat' dir='ltr'>Quibus</span> <span class='ocrx_word' id='word_1_155' title='bbox 1041 1633 1265 1689; x_wconf 89' lang='lat' dir='ltr'>dimissis,</span> <span class='ocrx_word' id='word_1_156' title='bbox 1292 1634 1552 1697; x_wconf 88' lang='lat' dir='ltr'>imperator</span> <span class='ocrx_word' id='word_1_157' title='bbox 1575 1631 1782 1697; x_wconf 83' lang='lat' dir='ltr'>generali</span> 
     </span>
     <span class='ocr_line' id='line_1_21' title="bbox 365 1709 1784 1776; baseline -0.002 -18"><span class='ocrx_word' id='word_1_158' title='bbox 365 1722 608 1759; x_wconf 85' lang='lat' dir='ltr'>conventu</span> <span class='ocrx_word' id='word_1_159' title='bbox 627 1712 774 1776; x_wconf 88' lang='lat' dir='ltr'>Aquis</span> <span class='ocrx_word' id='word_1_160' title='bbox 791 1712 1068 1759; x_wconf 87' lang='lat' dir='ltr'>solemniter</span> <span class='ocrx_word' id='word_1_161' title='bbox 1082 1710 1264 1768; x_wconf 86' lang='lat' dir='ltr'>habito,</span> <span class='ocrx_word' id='word_1_162' title='bbox 1289 1711 1616 1758; x_wconf 86' lang='lat' dir='ltr'>Bernhardum</span> <span class='ocrx_word' id='word_1_163' title='bbox 1631 1709 1784 1756; x_wconf 90' lang='lat' dir='ltr'>filium</span> 
     </span>
     <span class='ocr_line' id='line_1_22' title="bbox 366 1790 1784 1854; baseline -0.002 -18"><span class='ocrx_word' id='word_1_164' title='bbox 366 1791 584 1854; x_wconf 84' lang='lat' dir='ltr'>Pippini,</span> <span class='ocrx_word' id='word_1_165' title='bbox 611 1800 835 1854; x_wconf 75' lang='lat' dir='ltr'>nepotem</span> <span class='ocrx_word' id='word_1_166' title='bbox 863 1807 1025 1847; x_wconf 85' lang='lat' dir='ltr'>suum,</span> <span class='ocrx_word' id='word_1_167' title='bbox 1050 1790 1099 1836; x_wconf 85' lang='lat' dir='ltr'>in</span> <span class='ocrx_word' id='word_1_168' title='bbox 1121 1790 1304 1836; x_wconf 88' lang='lat' dir='ltr'>ltaliam</span> <span class='ocrx_word' id='word_1_169' title='bbox 1326 1790 1483 1847; x_wconf 79' lang='lat' dir='ltr'>misit3</span> <span class='ocrx_word' id='word_1_170' title='bbox 1511 1800 1558 1836; x_wconf 87' lang='lat' dir='ltr'>et</span> <span class='ocrx_word' id='word_1_171' title='bbox 1586 1798 1784 1852; x_wconf 87' lang='lat' dir='ltr'>propter</span> 
     </span>
     <span class='ocr_line' id='line_1_23' title="bbox 366 1865 1785 1933; baseline -0.001 -20"><span class='ocrx_word' id='word_1_172' title='bbox 366 1868 539 1914; x_wconf 84' lang='lat' dir='ltr'>famam</span> <span class='ocrx_word' id='word_1_173' title='bbox 566 1868 744 1924; x_wconf 88' lang='lat' dir='ltr'>classis,</span> <span class='ocrx_word' id='word_1_174' title='bbox 771 1886 880 1933; x_wconf 86' lang='lat' dir='ltr'>quae</span> <span class='ocrx_word' id='word_1_175' title='bbox 904 1879 952 1915; x_wconf 89' lang='lat' dir='ltr'>et</span> <span class='ocrx_word' id='word_1_176' title='bbox 973 1867 1030 1915; x_wconf 88' lang='lat' dir='ltr'>de</span> <span class='ocrx_word' id='word_1_177' title='bbox 1048 1868 1208 1915; x_wconf 85' lang='lat' dir='ltr'>Africa</span> <span class='ocrx_word' id='word_1_178' title='bbox 1230 1878 1275 1915; x_wconf 87' lang='lat' dir='ltr'>et</span> <span class='ocrx_word' id='word_1_179' title='bbox 1296 1868 1353 1914; x_wconf 88' lang='lat' dir='ltr'>de</span> <span class='ocrx_word' id='word_1_180' title='bbox 1371 1867 1591 1931; x_wconf 88' lang='lat' dir='ltr'>Hispania</span> <span class='ocrx_word' id='word_1_181' title='bbox 1613 1865 1669 1912; x_wconf 84' lang='lat' dir='ltr'>ad</span> <span class='ocrx_word' id='word_1_182' title='bbox 1691 1884 1785 1912; x_wconf 76' lang='lat' dir='ltr'>vas-</span> 
     </span>
     <span class='ocr_line' id='line_1_24' title="bbox 371 1942 1784 2006; baseline -0.002 -15"><span class='ocrx_word' id='word_1_183' title='bbox 371 1945 558 1991; x_wconf 84' lang='lat' dir='ltr'>tandam</span> <span class='ocrx_word' id='word_1_184' title='bbox 574 1946 758 1991; x_wconf 89' lang='lat' dir='ltr'>Italiam</span> <span class='ocrx_word' id='word_1_185' title='bbox 776 1956 976 1991; x_wconf 83' lang='lat' dir='ltr'>ventura</span> <span class='ocrx_word' id='word_1_186' title='bbox 995 1945 1257 2001; x_wconf 80' lang='lat' dir='ltr'>dicebatur,</span> <span class='ocrx_word' id='word_1_187' title='bbox 1274 1944 1526 1990; x_wconf 74' lang='lat' dir='ltr'>VValanem</span> <span class='ocrx_word' id='word_1_188' title='bbox 1544 1944 1615 2006; x_wconf 77' lang='lat'>(6)</span> <span class='ocrx_word' id='word_1_189' title='bbox 1631 1942 1784 1988; x_wconf 84' lang='lat' dir='ltr'>filium</span> 
     </span>
     <span class='ocr_line' id='line_1_25' title="bbox 369 2020 1783 2086; baseline -0.001 -18"><span class='ocrx_word' id='word_1_190' title='bbox 369 2021 630 2068; x_wconf 87' lang='lat' dir='ltr'>Bernhardi</span> <span class='ocrx_word' id='word_1_191' title='bbox 654 2023 882 2086; x_wconf 88' lang='lat' dir='ltr'>patruelis</span> <span class='ocrx_word' id='word_1_192' title='bbox 907 2023 976 2068; x_wconf 90' lang='lat' dir='ltr'>sui</span> <span class='ocrx_word' id='word_1_193' title='bbox 1005 2041 1113 2068; x_wconf 88' lang='lat' dir='ltr'>cum</span> <span class='ocrx_word' id='word_1_194' title='bbox 1141 2023 1222 2069; x_wconf 87' lang='lat' dir='ltr'>illo</span> <span class='ocrx_word' id='word_1_195' title='bbox 1247 2040 1343 2068; x_wconf 87' lang='lat' dir='ltr'>esse</span> <span class='ocrx_word' id='word_1_196' title='bbox 1359 2022 1524 2086; x_wconf 88' lang='lat' dir='ltr'>jussit,</span> <span class='ocrx_word' id='word_1_197' title='bbox 1551 2020 1783 2086; x_wconf 83' lang='lat' dir='ltr'>quoadus-</span> 
     </span>
     <span class='ocr_line' id='line_1_26' title="bbox 370 2098 1785 2163; baseline 0 -20"><span class='ocrx_word' id='word_1_198' title='bbox 370 2117 462 2163; x_wconf 85' lang='lat' dir='ltr'>que</span> <span class='ocrx_word' id='word_1_199' title='bbox 489 2117 652 2145; x_wconf 88' lang='lat' dir='ltr'>rerum</span> <span class='ocrx_word' id='word_1_200' title='bbox 680 2111 876 2147; x_wconf 86' lang='lat' dir='ltr'>eventus</span> <span class='ocrx_word' id='word_1_201' title='bbox 904 2100 1204 2147; x_wconf 84' lang='lat' dir='ltr'>securitatem</span> <span class='ocrx_word' id='word_1_202' title='bbox 1227 2100 1401 2146; x_wconf 75' lang='lat' dir='ltr'>nostris</span> <span class='ocrx_word' id='word_1_203' title='bbox 1432 2099 1636 2145; x_wconf 77' lang='lat' dir='ltr'>afferret.</span> <span class='ocrx_word' id='word_1_204' title='bbox 1673 2098 1785 2144; x_wconf 84' lang='lat' dir='ltr'>Haec</span> 
     </span>
     <span class='ocr_line' id='line_1_27' title="bbox 370 2174 1785 2239; baseline -0.001 -18"><span class='ocrx_word' id='word_1_205' title='bbox 370 2176 524 2221; x_wconf 78' lang='lat' dir='ltr'>classis</span> <span class='ocrx_word' id='word_1_206' title='bbox 553 2177 728 2239; x_wconf 86' lang='lat' dir='ltr'>partim</span> <span class='ocrx_word' id='word_1_207' title='bbox 757 2177 805 2221; x_wconf 90' lang='lat' dir='ltr'>in</span> <span class='ocrx_word' id='word_1_208' title='bbox 835 2176 1101 2229; x_wconf 83' lang='lat' dir='ltr'>Corsicam,</span> <span class='ocrx_word' id='word_1_209' title='bbox 1132 2177 1307 2239; x_wconf 86' lang='lat' dir='ltr'>partim</span> <span class='ocrx_word' id='word_1_210' title='bbox 1336 2176 1384 2220; x_wconf 91' lang='lat' dir='ltr'>in</span> <span class='ocrx_word' id='word_1_211' title='bbox 1415 2174 1678 2220; x_wconf 85' lang='lat' dir='ltr'>Sardiniam</span> <span class='ocrx_word' id='word_1_212' title='bbox 1702 2191 1785 2220; x_wconf 86' lang='lat' dir='ltr'>ve—</span> 
     </span>
    </p>
   </div>
   <div class='ocr_carea' id='block_1_3' title="bbox 384 2294 1627 2306">
    <p class='ocr_par' dir='ltr' id='par_1_3' title="bbox 384 2294 1627 2306">
     <span class='ocr_line' id='line_1_28' title="bbox 384 2294 1627 2306; baseline 0 0"><span class='ocrx_word' id='word_1_213' title='bbox 384 2294 1627 2306; x_wconf 95' lang='lat' dir='ltr'> </span> 
     </span>
    </p>
   </div>
   <div class='ocr_carea' id='block_1_4' title="bbox 420 2367 1643 2698">
    <p class='ocr_par' dir='ltr' id='par_1_4' title="bbox 420 2367 1107 2415">
     <span class='ocr_line' id='line_1_29' title="bbox 420 2367 1107 2415; baseline -0.001 -14"><span class='ocrx_word' id='word_1_214' title='bbox 420 2370 470 2413; x_wconf 81' lang='lat'>(1)</span> <span class='ocrx_word' id='word_1_215' title='bbox 496 2368 636 2415; x_wconf 84' lang='lat' dir='ltr'>Quinq.</span> <span class='ocrx_word' id='word_1_216' title='bbox 658 2367 764 2402; x_wconf 87' lang='lat' dir='ltr'>codd.</span> <span class='ocrx_word' id='word_1_217' title='bbox 782 2368 918 2414; x_wconf 71' lang='lat' dir='ltr'>adepta</span> <span class='ocrx_word' id='word_1_218' title='bbox 937 2370 1107 2403; x_wconf 75' lang='lat' dir='ltr'>victoria.</span> 
     </span>
    </p>

    <p class='ocr_par' dir='ltr' id='par_1_5' title="bbox 420 2425 1183 2473">
     <span class='ocr_line' id='line_1_30' title="bbox 420 2425 1183 2473; baseline -0.003 -13"><span class='ocrx_word' id='word_1_219' title='bbox 420 2428 469 2471; x_wconf 77' lang='lat'>(¹2)</span> <span class='ocrx_word' id='word_1_220' title='bbox 494 2426 565 2460; x_wconf 74' lang='lat' dir='ltr'>All.</span> <span class='ocrx_word' id='word_1_221' title='bbox 585 2426 875 2473; x_wconf 74' lang='lat' dir='ltr'>Begenfridum,</span> <span class='ocrx_word' id='word_1_222' title='bbox 898 2425 1183 2473; x_wconf 65' lang='lat' dir='ltr'>Bagmgsiv‘dum.</span> 
     </span>
    </p>

    <p class='ocr_par' dir='ltr' id='par_1_6' title="bbox 423 2483 1154 2532">
     <span class='ocr_line' id='line_1_31' title="bbox 423 2483 1154 2532; baseline -0.001 -14"><span class='ocrx_word' id='word_1_223' title='bbox 423 2483 473 2529; x_wconf 60' lang='lat'>(5)</span> <span class='ocrx_word' id='word_1_224' title='bbox 499 2485 589 2519; x_wconf 80' lang='lat' dir='ltr'>Cod.</span> <span class='ocrx_word' id='word_1_225' title='bbox 607 2485 700 2532; x_wconf 79' lang='lat' dir='ltr'>ch.</span> <span class='ocrx_word' id='word_1_226' title='bbox 717 2485 799 2519; x_wconf 81' lang='lat' dir='ltr'>Par.</span> <span class='ocrx_word' id='word_1_227' title='bbox 820 2483 910 2531; x_wconf 63' lang='lat'>5924</span> <span class='ocrx_word' id='word_1_228' title='bbox 932 2502 936 2519; x_wconf 78' lang='lat' dir='ltr'><em>z</em></span> <span class='ocrx_word' id='word_1_229' title='bbox 962 2485 1154 2531; x_wconf 54' lang='lat' dir='ltr'>Afshsium</span> 
     </span>
    </p>

    <p class='ocr_par' dir='ltr' id='par_1_7' title="bbox 422 2544 860 2589">
     <span class='ocr_line' id='line_1_32' title="bbox 422 2544 860 2589; baseline 0 -12"><span class='ocrx_word' id='word_1_230' title='bbox 422 2546 474 2585; x_wconf 44' lang='lat' dir='ltr'>A)</span> <span class='ocrx_word' id='word_1_231' title='bbox 499 2544 555 2578; x_wconf 76' lang='lat' dir='ltr'>Al.</span> <span class='ocrx_word' id='word_1_232' title='bbox 584 2544 860 2589; x_wconf 63' lang='lat' dir='ltr'>77aeognisstmz.</span> 
     </span>
    </p>

    <p class='ocr_par' dir='ltr' id='par_1_8' title="bbox 423 2599 1643 2698">
     <span class='ocr_line' id='line_1_33' title="bbox 423 2599 1643 2648; baseline -0.004 -14"><span class='ocrx_word' id='word_1_233' title='bbox 423 2601 471 2646; x_wconf 67' lang='lat'>215)</span> <span class='ocrx_word' id='word_1_234' title='bbox 499 2604 655 2636; x_wconf 65' lang='lat' dir='ltr'>Niienai&#39;,</span> <span class='ocrx_word' id='word_1_235' title='bbox 679 2615 799 2637; x_wconf 80' lang='lat' dir='ltr'>comcs</span> <span class='ocrx_word' id='word_1_236' title='bbox 820 2620 825 2637; x_wconf 69' lang='grc' dir='ltr'>ς</span> <span class='ocrx_word' id='word_1_237' title='bbox 849 2606 994 2642; x_wconf 57' lang='grc' dir='ltr'>βασιλέα</span> <span class='ocrx_word' id='word_1_238' title='bbox 1009 2617 1087 2638; x_wconf 75' lang='lat' dir='ltr'>cum</span> <span class='ocrx_word' id='word_1_239' title='bbox 1103 2604 1329 2648; x_wconf 53' lang='lat' dir='ltr'>appellante&gt;</span> <span class='ocrx_word' id='word_1_240' title='bbox 1349 2607 1381 2635; x_wconf 76' lang='lat' dir='ltr'>el</span> <span class='ocrx_word' id='word_1_241' title='bbox 1399 2599 1481 2633; x_wconf 60' lang='lat' dir='ltr'>md(-</span> <span class='ocrx_word' id='word_1_242' title='bbox 1500 2601 1643 2632; x_wconf 47' lang='lat' dir='ltr'>merul</span> 
     </span>
     <span class='ocr_line' id='line_1_34' title="bbox 425 2660 1022 2698; baseline 0.008 -8"><span class='ocrx_word' id='word_1_243' title='bbox 425 2660 475 2698; x_wconf 72' lang='lat'>;‹5)</span> <span class='ocrx_word' id='word_1_244' title='bbox 504 2661 662 2695; x_wconf 40' lang='lat' dir='ltr'>&amp;uenar-</span> <span class='ocrx_word' id='word_1_245' title='bbox 686 2674 777 2695; x_wconf 84' lang='lat' dir='ltr'>coni.</span> <span class='ocrx_word' id='word_1_246' title='bbox 807 2662 1022 2697; x_wconf 72' lang='lat' dir='ltr'>ll&#39;alloncm.</span> 
     </span>
    </p>
   </div>
  </div>
 </body>
</html>
