1924 3183
345 148 423 187 34⁶2
866 141 1243 181 HLUDOWICUS.

346 235 473 282 sulto
491 242 686 298 ruptum
700 268 712 288 ‚
736 231 1014 297 bellumque
1032 231 1252 277 adversus
1271 246 1380 277 eum
1397 239 1666 292 susceptum
1681 239 1768 276 est.

348 317 400 360 in
429 313 594 359 Italico
625 310 744 358 mari
779 320 890 357 octo
920 326 1060 356 naves
1093 308 1449 373 negotiatorum
1475 298 1532 354 de
1558 306 1773 352 Sardinia

348 392 406 437 ad
439 389 621 435 ltaliam
650 387 997 435 revertentium
1031 404 1054 431 a
1088 385 1253 449 piratis
1283 394 1431 449 captae
1463 401 1517 431 ac
1547 384 1771 430 demersae

349 477 480 515 sunt.
519 467 589 514 De
623 465 943 512 Nortmannia
974 480 1089 510 vero
1123 463 1351 510 tredecim
1381 462 1592 526 piraticae
1631 478 1773 507 naves

350 563 570 611 egressae,
596 545 756 608 primo
781 544 830 590 in
855 540 1133 592 Flandrensi
1157 541 1323 587 littore
1346 539 1548 604 praedari
1573 538 1776 586 molien-

351 637 450 682 tes,
484 622 544 669 ab
579 623 633 668 iis
666 622 748 687 qui
786 622 834 668 in
861 619 1086 686 praesidio
1119 628 1255 666 erant
1284 618 1487 682 repulsae
1521 626 1660 675 sunt,
1692 615 1776 662 ubi

351 714 509 750 tamen
534 701 593 748 ab
617 702 680 748 eis
702 710 903 764 propter
923 697 1176 745 custodum
1198 696 1432 748 incuriam
1458 694 1642 760 aliquot
1661 711 1778 741 casae

352 779 466 827 viles
491 779 714 834 incensae,
741 787 788 824 et
810 793 981 840 parvus
1005 774 1190 838 pecoris
1215 790 1444 819 numerus
1466 770 1659 817 abactus
1682 779 1752 817 est
1761 788 1774 827 ;

354 858 405 903 in
425 855 549 903 ostio
568 855 801 918 Sequanae
823 852 993 898 similia
1014 860 1319 915 temptantes,
1341 847 1669 896 resistentibus
1689 845 1779 893 sibi

353 933 531 981 littoris
551 930 850 985 custodibus,
872 930 1085 995 quinque
1106 945 1303 975 suorum
1323 927 1605 983 interfectis,
1629 925 1780 972 irritae

354 1012 700 1067 discesserunt3
734 1007 922 1054 tandem
952 1007 1000 1052 in
1031 1005 1319 1070 Aquitanico
1350 1004 1515 1051 littore
1542 1001 1782 1067 prosperis

354 1107 452 1135 usae
467 1085 774 1142 successibus,
792 1085 897 1132 vico
919 1083 1128 1148 quodam
1148 1083 1229 1147 qui
1244 1092 1443 1128 vocatur
1457 1080 1697 1127 Bundium
1713 1079 1781 1143 (1)

355 1166 413 1212 ad
438 1166 677 1228 integrum
706 1161 995 1226 depopulato
1010 1196 1023 1217 ‚
1053 1177 1162 1206 cum
1187 1160 1370 1225 ingenti
1398 1158 1557 1223 praeda
1580 1157 1637 1204 ad
1659 1173 1782 1222 pro-

355 1244 459 1309 pria
483 1258 685 1289 reversae
710 1250 838 1286 sunt.

421 1323 524 1367 Hoc
555 1336 684 1365 anno
730 1329 928 1382 propter
961 1320 1095 1382 juges
1132 1317 1313 1381 pluvias
1351 1327 1397 1363 et
1438 1323 1595 1362 aerem
1633 1315 1786 1362 nimio

358 1400 561 1446 humore
595 1396 888 1454 resolutum,
923 1413 1090 1460 magna
1120 1394 1423 1442 incommoda
1458 1394 1783 1458 contigerunt.

360 1478 481 1524 Nam
506 1487 551 1524 et
576 1474 830 1523 hominum
854 1485 901 1521 ct
917 1473 1067 1521 boum
1089 1474 1357 1538 pestilentia
1377 1482 1473 1518 tam
1493 1474 1698 1518 immane
1709 1471 1786 1535 (2)

361 1558 502 1620 longe
539 1554 727 1618 lateque
766 1562 969 1618 grassata
1013 1564 1111 1610 est,
1157 1563 1213 1598 ut
1245 1552 1325 1598 vix
1366 1551 1461 1597 ulla
1499 1569 1605 1615 pars
1641 1551 1786 1597 totius

359 1633 495 1699 regni
520 1633 817 1678 Francorum
836 1629 895 1676 al)
922 1630 1007 1677 hac
1038 1641 1166 1695 peste
1189 1629 1415 1675 immunis
1443 1638 1585 1693 atque
1612 1628 1786 1674 intacta

359 1712 509 1777 possit
546 1709 769 1756 inveniri.
798 1709 1060 1756 Frumenta
1091 1725 1283 1774 quoque
1321 1718 1367 1755 et
1398 1707 1664 1772 legumina,
1692 1707 1789 1752 im-

359 1790 519 1836 brium
538 1788 807 1834 assiduitate
819 1797 1065 1852 corrupta,
1082 1787 1156 1834 vel
1174 1787 1332 1851 colligi
1353 1803 1455 1832 non
1473 1794 1697 1849 poterant
1714 1784 1787 1831 vel

363 1868 561 1915 collecta
579 1863 1044 1929 computrescebant.
1069 1865 1253 1911 Vinum
1273 1864 1438 1920 etiam,
1466 1864 1596 1926 cujus
1616 1878 1788 1925 parvus

361 1955 624 2010 proventus
655 1943 823 1990 eodem
850 1959 979 1989 anno
1008 1942 1125 2000 fuit,
1147 1952 1347 2006 propter
1375 1940 1542 1987 caloris
1576 1939 1787 2002 inopiam

362 2024 589 2071 acerbum
610 2034 657 2068 et
683 2022 874 2067 insuave
896 2020 1055 2067 fiebat.
1079 2021 1133 2066 ln
1153 2018 1438 2084 quibusdam
1458 2035 1572 2065 vero
1595 2018 1711 2064 locis
1730 2035 1786 2063 ex

362 2101 677 2148 inuntiatione
704 2099 777 2162 (5)
805 2098 1088 2155 fluminum,
1117 2098 1249 2162 aquis
1274 2099 1323 2143 in
1349 2098 1493 2162 plano
1520 2095 1786 2160 stagnanti-

362 2180 476 2234 bus,
504 2176 791 2224 autumnalis
818 2175 937 2221 satio
964 2177 1026 2221 ita
1052 2176 1276 2240 impedita
1303 2186 1399 2234 est,
1426 2185 1480 2220 ut
1505 2174 1694 2238 penitus
1718 2172 1786 2218 nil

362 2258 553 2321 frugum
582 2265 691 2300 ante
714 2254 849 2299 verni
876 2253 1155 2316 temperiem
1181 2253 1254 2316 (4)
1287 2253 1617 2299 seminaretur.
1654 2252 1785 2296 Luna

409 2484 460 2527 (ι)
487 2479 784 2527 Βιςγηῖιιιηάὶιιηι
802 2477 901 2524 apud
915 2476 1075 2511 Annales
1090 2477 1243 2510 Lam-iss

411 2545 460 2587 (2)
486 2542 532 2575 l).
556 2541 671 2586 Βοιαὶ.
696 2546 770 2573 lam
789 2539 1008 2571 immanilcr.

410 2602 461 2647 (3)
487 2603 591 2635 Ὤανιν.
615 2630 618 2633 .
642 2600 685 2633 (lc
704 2598 956 2633 inundatione.

413 2663 461 2696 (rii
492 2662 531 2692 l),
557 2661 667 2704 llouq,
692 2670 847 2691 vernum
866 2662 1004 2700 tempus
