1924 3183
329 188 408 226 386
844 177 1215 217 HLUDOWICUS.

333 275 380 319 in
401 286 603 335 regnum
619 283 757 313 suum
776 282 884 312 eum
901 264 1016 312 fecit
1035 265 1235 310 restitui.
1258 266 1383 310 Dum
1404 264 1504 311 haec
1522 277 1743 330 aguntur,

330 349 581 396 Hildoinus
594 381 607 403 ,
629 343 769 391 abbas
786 341 1061 390 monasterii
1086 342 1233 387 sancti
1252 342 1472 407 Dionysii
1493 345 1740 408 martyris,

332 428 535 473 Romam
544 423 758 479 mittens,
770 430 1009 468 annuente
1017 418 1236 484 precibus
1246 421 1283 483 ej
1291 438 1342 466 us
1351 421 1562 485 Eugenio
1571 433 1745 468 sanctae

334 505 453 552 sedis
471 501 744 567 apostolicae
761 511 877 547 tunc
893 498 1111 563 praesule,
1131 515 1230 545 ossa
1249 497 1503 545 beatissimi
1523 501 1747 565 martyris

333 581 509 629 Christi
539 578 798 626 Sebastiani
827 577 1032 640 accepit,
1065 586 1111 622 et
1140 593 1190 622 ea
1218 577 1342 640 apud.
1367 577 1646 624 suessonam
1682 579 1745 624 ci-

334 661 526 706 vitatem
550 659 599 704 in
621 657 809 704 basilica
832 656 980 702 sancti
1005 653 1216 701 Medardi
1235 654 1510 713 collocavit,
1533 655 1613 702 ubi
1634 656 1748 702 dum

334 736 487 783 adhuc
527 734 770 780 inhumata
808 734 856 778 in
894 731 1052 779 loculo
1073 767 1086 788 ,
1133 732 1181 777 in
1221 748 1319 796 quo
1354 731 1490 777 allata
1526 732 1715 779 fuerant
1733 768 1744 788 ,

328 818 462 879 juxta
487 812 728 859 tumulum
754 810 901 857 sancti
931 809 1141 856 Medardi
1160 812 1396 873 jacerent,
1431 820 1559 856 tanta
1585 811 1750 873 signo-

334 910 444 938 rum
474 909 526 937 ac
551 890 884 955 prodigiorum
914 887 1175 934 multitudo
1207 888 1401 946 claruit,
1437 898 1567 934 tanta
1598 889 1753 934 virtu—

335 981 440 1015 tum
453 969 522 1014 vis
544 969 592 1013 in
614 966 746 1013 omni
767 982 938 1030 genere
957 965 1213 1010 sanitatum
1231 982 1316 1027 per
1330 964 1537 1011 divinam
1551 966 1751 1030 gratiam

336 1048 386 1093 in
411 1048 608 1093 nomine
641 1044 847 1108 ejusdem
878 1043 1135 1089 beatissimi
1162 1044 1387 1106 martyris
1416 1045 1615 1099 enituit,
1645 1055 1699 1090 ut
1728 1064 1751 1090 a

336 1125 472 1172 nullo
497 1123 777 1170 mortalium
807 1120 1070 1168 eorundem
1094 1120 1436 1167 miraculorum
1469 1132 1550 1167 aut
1579 1140 1752 1169 nume-

335 1219 416 1246 rus
440 1197 779 1263 comprehendi
804 1209 884 1243 aut
908 1197 1105 1244 varietas
1133 1196 1289 1243 verbis
1312 1197 1461 1244 valeat
1484 1199 1749 1255 enuntiari;

334 1295 544 1342 quorum
581 1275 801 1341 quaedam
838 1276 957 1320 tanti
999 1275 1204 1338 stuporis
1249 1291 1344 1321 esse
1384 1285 1660 1334 narrantur,
1701 1286 1754 1321 ut

336 1353 556 1400 humanae
579 1351 917 1399 imbecillitatis
942 1351 1085 1398 fidem
1115 1351 1422 1409 excederent,
1455 1351 1544 1397 nisi
1571 1363 1754 1399 certum

336 1441 454 1478 esset
490 1430 753 1478 Dominum
786 1439 1008 1476 nostrum
1035 1429 1195 1475 Jesum
1230 1427 1497 1485 Christum,
1535 1446 1625 1493 pro
1657 1447 1754 1494 quo

338 1508 463 1555 idem
486 1507 779 1555 beatissimus
798 1518 985 1572 martyr
1002 1524 1159 1570 passus
1177 1523 1271 1553 esse
1293 1505 1575 1563 dinoscitur,
1594 1507 1754 1553 omnia

338 1603 445 1649 quae
468 1584 572 1631 vult
594 1584 748 1631 facere
771 1601 905 1648 posse
928 1601 1012 1647 per
1031 1583 1242 1629 divinam
1265 1583 1528 1646 potentiam
1545 1618 1558 1639 ,
1589 1583 1637 1629 in
1664 1600 1754 1647 qua

340 1663 406 1708 illi
428 1664 583 1709 omnis
604 1673 816 1709 creatura
844 1663 891 1708 in
913 1661 1040 1708 coelo
1064 1672 1109 1707 et
1136 1662 1182 1706 in
1207 1671 1329 1707 terra
1351 1660 1554 1724 subjecta
1576 1671 1642 1707 est
1665 1663 1682 1722 (
1696 1662 1751 1723 ι),

887 2166 1040 2212 DCCC
1051 2167 1254 2213 XXVII.

414 2284 676 2346 Imperator
704 2281 972 2328 Helisachar
1010 2281 1345 2346 presbyterum
1380 2292 1426 2328 et
1463 2281 1680 2330 abbatem
1713 2295 1759 2330 et

350 2380 457 2407 cum
479 2378 534 2407 eo
555 2359 924 2406 Hildibrandum
948 2371 1088 2424 atque
1107 2362 1346 2407 Donatum
1367 2362 1562 2408 comites
1582 2361 1638 2408 ad
1658 2379 1760 2409 mo·-

350 2451 424 2485 tus
447 2439 712 2502 Hispanicae
735 2456 906 2485 marcae
932 2439 1286 2502 componendos
1311 2439 1454 2486 misit.
1487 2440 1610 2486 Ante
1631 2456 1760 2505 quo-

399 2636 449 2677 (1)
476 2633 546 2667 Hic
566 2632 747 2666 Frelierus
774 2631 817 2666 de
836 2632 1011 2667 Hildoiuo
1031 2634 1158 2669 abbate
1183 2634 1340 2680 plurima
1365 2634 1466 2669 addit
1490 2647 1568 2681 qur?
1592 2636 1629 2671 in
1653 2636 1757 2670 codd„

355 2692 551 2736 liginliarili
574 2704 642 2725 non
669 2692 828 2735 reperiri.-
843 2700 906 2725 053.
