1924 3183
399 139 474 174 288
985 133 1233 172 KAROLUS.

397 223 578 287 argenti
614 240 636 267 a
673 220 970 267 Frisionibus
1007 223 1106 284 jam
1141 238 1238 267 esse
1275 220 1474 277 solutas,
1503 239 1659 286 regem
1699 240 1811 269 vero

396 299 719 347 Godofridum
743 297 872 346 domi
897 316 1008 346 esse.
1047 299 1110 343 Et
1136 315 1297 345 revera
1325 298 1385 343 ita
1414 309 1530 345 erat.
1563 299 1655 358 Qui
1690 318 1813 347 nun-

397 379 490 424 tius
513 377 629 423 adeo
656 377 990 440 imperatorem
1015 376 1299 432 concitavit,
1328 386 1381 421 ut
1406 376 1555 422 missis
1583 377 1628 423 in
1651 394 1815 424 omnes

398 457 767 520 circumquaque
793 455 1011 519 regiones
1043 452 1100 499 ad
1135 454 1523 518 congregandum
1555 456 1817 501 exercitum

398 533 607 592 nuntiis,
638 533 735 597 ipse
759 533 859 580 sine
884 549 1018 579 mora
1041 531 1217 596 palatio
1236 531 1420 588 exiens,
1445 532 1602 595 primo
1626 531 1818 597 quidem

400 612 530 658 classi
554 628 830 667 occurrere,
856 608 1027 656 deinde
1049 608 1325 655 transmisso
1344 609 1508 655 Hreno
1528 607 1748 665 flumine,
1770 609 1816 654 in

400 690 532 746 loco,
558 689 640 754 qui
665 687 925 752 Lippeham
951 686 1026 750 (1)
1049 696 1267 744 vocatur,
1291 685 1447 749 copias
1471 701 1579 749 quae
1606 684 1821 731 nondum

402 777 725 814 convenerant
756 765 922 811 statuit
954 763 1197 828 opperiri3
1237 762 1317 809 ubi
1353 762 1467 808 dum
1507 762 1694 826 aliquot
1725 761 1822 809 dies

400 855 689 899 moraretur,
716 842 938 906 elephans
964 841 1041 888 ille
1054 877 1069 901 ‚
1092 859 1236 906 quem
1257 841 1296 887 ei
1318 841 1479 887 Aaron
1504 858 1586 886 rex
1611 844 1824 886 Sarrace-

402 940 580 970 norum
600 921 815 975 miserat,
840 918 994 965 subita
1018 929 1175 967 morte
1199 919 1360 982 periit.
1384 918 1690 982 Congregatis
1713 928 1823 962 tan-

401 1000 509 1046 dem
528 999 694 1063 copiis,
712 1008 888 1062 quanta
906 996 1065 1060 potuit
1084 995 1323 1042 celeritate
1342 994 1398 1041 ad
1417 995 1603 1042 Alaram
1625 994 1825 1040 fluvium

405 1078 681 1135 contendit,
700 1076 956 1139 castrisque
971 1077 1105 1138 juxta
1123 1073 1448 1120 confluentem
1466 1076 1583 1137 ejus,
1606 1090 1703 1138 quo
1717 1073 1828 1118 Wi-

405 1172 528 1201 surae
547 1154 735 1200 flumini
754 1152 1081 1216 conjungitur,
1101 1151 1292 1215 positis,
1317 1151 1556 1196 minarum
1574 1149 1825 1197 Godofridi

401 1234 524 1298 regis
557 1231 863 1296 praestolatur
896 1240 1138 1277 eventum.
1172 1232 1291 1276 Nam
1327 1246 1408 1276 rex
1445 1229 1550 1286 ille,
1580 1228 1827 1274 vanissima

405 1329 487 1375 spe
506 1309 719 1356 victoriae
739 1307 954 1365 inflatus,
975 1308 1072 1354 acie
1095 1325 1141 1354 se
1162 1325 1272 1353 cum
1291 1308 1579 1371 imperatore
1603 1305 1825 1371 congredi

406 1387 526 1434 velle
551 1385 776 1451 jactabat.
807 1385 897 1432 Sed
922 1385 1037 1431 dum
1063 1386 1324 1448 imperator
1349 1385 1396 1430 in
1429 1396 1696 1431 memorato
1721 1383 1828 1430 loco

406 1466 572 1512 stativa
598 1463 819 1519 haberet,
842 1463 1136 1510 diversarum
1162 1479 1325 1508 rerum
1346 1462 1504 1508 nuntii
1530 1462 1587 1507 ad
1611 1479 1716 1508 eum
1741 1461 1827 1508 de-

406 1545 650 1591 feruntur.
683 1542 805 1589 Nam
836 1552 884 1588 et
919 1543 1113 1588 classem
1140 1559 1248 1605 quae
1278 1539 1476 1586 Frisiam
1504 1537 1710 1584 vastabat
1741 1537 1829 1586 do-

407 1641 541 1669 mum
563 1638 820 1686 regressam
838 1656 850 1677 ,
878 1630 925 1667 et
948 1618 1270 1667 Godofridum
1292 1635 1450 1682 regem
1470 1635 1492 1662 a
1515 1615 1722 1682 quodam
1743 1634 1827 1663 suo

406 1700 609 1747 satellite
625 1698 933 1745 interfectum
944 1734 956 1755 ,
976 1697 1222 1744 castellum
1237 1695 1472 1742 vocabulo
1488 1694 1744 1742 Hohbuoki
1760 1696 1827 1757 (2)

406 1778 560 1825 Albiae
586 1777 771 1824 flumini
797 1777 1093 1841 appositum,
1121 1775 1169 1821 in
1189 1792 1286 1839 quo
1308 1774 1412 1820 Odo
1432 1773 1608 1837 legatus
1632 1773 1828 1836 impera-

409 1858 527 1905 toris
548 1866 594 1902 et
614 1855 919 1902 orientalium
943 1855 1186 1901 Saxonum
1205 1863 1304 1899 erat
1323 1851 1621 1916 praesidium,
1641 1850 1826 1897 aWilt-

409 1936 473 1981 zis
505 1945 726 1998 captum3
758 1943 804 1980 et
834 1933 1092 1996 Pippinum
1125 1931 1278 1977 filium
1305 1932 1426 1993 ejus,
1463 1946 1621 1993 regem
1653 1928 1825 1982 Italiae,

409 2028 495 2059 v111
524 2012 625 2057 idus
645 2011 735 2074 jul.
763 2010 820 2056 de
845 2027 1048 2073 corpore
1072 2008 1321 2072 migrasse3
1342 2007 1549 2070 duasque
1572 2006 1826 2070 legationes

408 2088 466 2135 de
488 2088 683 2134 diversis
708 2098 946 2134 terrarum
967 2084 1207 2150 partibus,
1236 2102 1380 2130 unam
1402 2084 1459 2130 de
1484 2083 1826 2130 Constantino-

408 2164 538 2229 poli,
576 2164 772 2210 alteram
802 2162 859 2210 de
889 2160 1138 2218 Corduba,
1169 2162 1293 2226 pacis
1322 2159 1548 2208 faciendae
1580 2177 1711 2206 causa
1742 2159 1826 2205 ad-

408 2252 603 2288 xentare
629 2250 872 2287 narratur.
897 2238 1079 2299 Quibus
1108 2239 1187 2286 ille
1213 2239 1440 2302 acceptis,
1463 2237 1704 2301 disposita,
1736 2253 1825 2300 pro

411 2319 638 2383 temporis
680 2317 981 2373 conditione,
1033 2316 1234 2363 Saxonia
1253 2352 1266 2371 ,
1315 2315 1512 2362 domum
1548 2314 1820 2360 revertitur.

410 2398 559 2443 Tanta
595 2395 687 2442 fuit
729 2396 775 2442 in
812 2414 860 2442 ea
904 2393 1206 2458 expeditione
1248 2392 1396 2440 boum
1431 2391 1696 2456 pestilentia
1714 2427 1726 2448 ‚
1771 2402 1823 2436 ut

457 2594 504 2636 (ι)
531 2591 600 2627 All.
617 2590 803 2636 Lippelza,
826 2590 1020 2635 Lippeam,
1043 2587 1296 2633 Lippenlzeim.

460 2653 507 2689 ,ἠΰ
536 2649 591 2683 ΑΙ.
615 2649 841 2683 ΗοΙιύιιοεΙιῐ.
857 2648 998 2683 Clu-on.
1019 2647 1136 2681 Saxon
1159 2663 1164 2679 :
1188 2644 1393 2679 Hfmblmlci.
