2043 3193
522 170 551 204 ci
560 183 571 203 x
859 164 1178 204 TESTIMONIA
1207 162 1276 201 DE
1305 161 1590 201 EINHARDO.

650 301 727 333 XV.
753 301 816 333 EX
839 299 1119 333 ANNALIBUS
1143 298 1179 331 S.
1206 296 1421 330 BAVONIS
1445 295 1724 331 GANDENSIS
1750 299 1804 341 (ι).

576 400 686 434 Anno
705 397 783 434 816
809 394 950 433 Briddo
967 394 1082 431 abbas
1099 391 1315 429 Gandensis
1332 391 1495 429 coenobii
1511 391 1620 442 obiit,
1639 401 1676 430 et
1691 401 1819 444 postea
1837 392 1934 431 facta

521 469 574 499 est
596 461 753 498 fratrum
778 458 975 510 dispersio.

574 526 683 562 Anno
707 522 786 561 826
808 521 1007 560 EYNARDUS
1022 548 1031 566 ,
1053 518 1270 570 capellanus
1286 519 1470 558 Ludovici
1486 519 1646 571 piissimi
1672 520 1907 571 imperatoris
1922 549 1932 568 ,

517 589 637 626 factus
656 595 713 625 est
732 586 847 623 abbas
869 582 1085 622 Gandensis
1106 582 1269 620 cenobii.
1301 583 1376 630 Qui
1399 597 1501 620 anno
1526 583 1604 621 828
1627 582 1801 634 reliquias
1820 598 1935 621 sanc-

519 660 641 688 torum
665 648 880 687 Marcellini
901 654 936 684 et
960 646 1061 683 Petri
1082 645 1224 683 ibidem
1245 646 1464 684 transmisit.

572 789 682 824 Anno
707 782 786 822 844
806 783 1008 821 EYNARDUS
1028 781 1144 820 abbas
1166 781 1380 819 Gandensis
1401 782 1517 830 obiit,
1542 784 1720 821 successit
1750 782 1936 822 Einkeri-

518 863 598 887 cus.
623 847 698 895 Qui
719 846 886 883 secundo
908 860 1033 892 anno,
1055 845 1199 883 scilicet
1221 840 1322 893 846,
1346 854 1501 897 propter
1519 847 1774 885 incursionem
1793 847 1937 886 North-

518 924 760 956 mannorum,
780 923 936 960 corpora
953 917 1168 945 sanctorum
1189 907 1353 946 Bavonis
1369 917 1405 946 et
1422 909 1650 955 pharaildis,
1669 924 1754 947 cum
1775 911 1860 949 aliis
1875 926 1936 950 re-

514 969 642 1025 liquiis
662 981 878 1010 sanctorum
892 1000 902 1019 7
921 971 1114 1009 transtulit
1134 971 1183 1009 ad
1200 980 1364 1009 castrum
1381 971 1508 1010 Sancti
1530 972 1752 1012 Audomari.

571 1040 680 1074 Anno
711 1037 785 1074 851
819 1035 1074 1073 Northmanni
1113 1043 1149 1073 et
1183 1036 1284 1073 Dani
1312 1037 1584 1074 monasterium
1617 1036 1745 1074 Sancti
1774 1036 1936 1075 Bavonis

517 1099 725 1138 incendunt
746 1107 783 1136 ct
803 1099 1015 1136 devastant.

571 1165 681 1201 Anno
712 1163 791 1201 852
822 1161 1047 1200 Einkericus
1076 1161 1191 1199 abhas
1213 1160 1428 1200 Gaudensis
1449 1162 1558 1209 obiit,
1583 1171 1618 1200 et
1638 1162 1826 1202 Tasradus
1851 1179 1938 1202 suc-

518 1230 642 1265 cessit.

569 1294 681 1328 Anno
702 1290 781 1329 853
800 1289 988 1327 Tasradus
1008 1282 1125 1327 abbas
1146 1297 1182 1327 et
1202 1288 1396 1336 monachi,
1419 1304 1505 1326 cum
1526 1290 1695 1341 reliquiis
1718 1301 1754 1328 et
1775 1293 1938 1343 corpori·

513 1354 583 1392 bus
606 1362 838 1400 sanctorum,
858 1353 904 1391 de
919 1353 955 1391 S.
978 1352 1195 1390 Audomaro
1215 1352 1264 1390 ad
1285 1351 1515 1390 Laudunum
1534 1353 1828 1405 transfugerunt.

570 1420 680 1455 Anno
697 1419 776 1456 867
793 1417 984 1455 Tasradus
995 1417 1111 1454 abbas
1128 1417 1343 1455 Gaudensis
1359 1416 1452 1454 obiit
1468 1416 1569 1468 apud
1584 1416 1937 1471 Nigellam-Repul-

515 1496 593 1519 sam
606 1511 619 1527 ,
641 1490 677 1518 et
698 1481 840 1518 ibidem
857 1481 1052 1533 sepelitur.
1075 1481 1146 1517 Cui
1165 1481 1344 1518 successit
1358 1480 1543 1518 Radulfus
1557 1509 1566 1527 ‚
1589 1495 1610 1517 a
1630 1481 1808 1519 fratribus
1829 1481 1938 1520 Gan-

516 1545 641 1582 deusis
659 1545 809 1582 cenobii
831 1544 947 1581 abbas
972 1544 1136 1593 electus,
1155 1544 1244 1594 quia
1267 1543 1359 1581 dicti
1380 1542 1512 1581 fratres
1534 1545 1573 1580 in
1595 1543 1763 1595 predicta
1788 1545 1937 1597 Nigella

516 1622 626 1646 causa
649 1607 897 1659 dispersionis
919 1607 1121 1659 degebant.

570 1745 682 1780 Anno
704 1742 782 1780 895
806 1741 940 1778 Helias
961 1741 1078 1778 abbas
1107 1738 1321 1778 Gandensis
1349 1741 1441 1779 obiit
1462 1734 1637 1779 'Lauduni
1665 1751 1702 1781 et
1727 1743 1869 1781 ibidem
1896 1746 1935 1782 in

516 1806 672 1843 ecclesia
697 1805 734 1845 S.
759 1805 953 1842 Vincentii
976 1804 1171 1856 sepelitur.
1202 1805 1290 1842 Post
1314 1807 1421 1856 cujus
1447 1813 1606 1842 mortem
1632 1821 1769 1858 magna
1796 1808 1938 1844 exstitit

516 1870 699 1921 dispersio
716 1868 988 1905 monachorum
1004 1897 1012 1914 ‚
1035 1882 1110 1919 que
1131 1868 1334 1919 plusquam
1351 1882 1419 1920 per
1438 1867 1689 1921 quadraginta
1711 1883 1829 1906 annos
1846 1884 1935 1907 con-

516 1936 620 1971 tinue
639 1933 804 1971 duravit.

571 1999 680 2033 Anno
707 1995 786 2033 937
810 1993 1012 2041 Arnulfus,
1045 2009 1203 2047 maguus
1230 2009 1354 2032 comes
1385 1994 1590 2040 Flandrie,
1619 1995 1801 2047 gloriosus
1830 2010 1937 2033 mar-

515 2061 676 2111 chysus‚
709 2057 859 2095 hortatu
890 2057 1115 2094 venerabilis
1143 2057 1214 2094 viri
1236 2058 1482 2104 Transmari,
1507 2057 1819 2110 'Noviomagensis
1847 2059 1934 2110 epi-

514 2123 632 2174 scopi,
646 2121 848 2159 cenobium
860 2121 1064 2158 Gaudense
1080 2129 1170 2158 tunc
1183 2120 1367 2168 dirutum,
1385 2121 1487 2173 quod
1501 2120 1646 2158 deserto
1660 2136 1758 2173 pene
1774 2121 1933 2160 videba-

515 2196 575 2223 tur
589 2185 765 2232 similior,
781 2186 1005 2222 restauravit
1022 2185 1110 2221 etin
1122 2184 1254 2221 melius
1269 2183 1511 2231 reformavit,
1528 2192 1566 2221 et
1584 2185 1705 2222 virum
1728 2184 1931 2228 illustrem,

513 2258 685 2287 sanctum
704 2247 917 2286 Gerardum
931 2246 1209 2285 Bononiensem
1224 2276 1233 2294 ,
1253 2247 1429 2285 abbatem
1443 2247 1535 2286 dicti
1549 2246 1763 2285 Gaudensis
1780 2247 1931 2284 cenobii

515 2312 705 2350 constituit
723 2320 760 2349 et
779 2319 977 2348 rectorem.

562 2473 602 2513 x1)
634 2470 697 2502 Ces
716 2469 880 2510 Annales,
908 2469 993 2500 dont
1016 2468 1049 2500 le
1071 2469 1262 2501 manuscrit
1285 2469 1373 2501 escrit
1398 2480 1441 2500 au
1469 2475 1544 2500 xtv⁶
1566 2467 1687 2507 siecle,
1712 2476 1745 2501 et
1768 2470 1931 2502 continue

517 2525 557 2555 de
580 2524 652 2564 1541
677 2523 694 2553 a
720 2521 798 2562 1345
822 2527 855 2553 et
873 2520 915 2553 de
937 2521 1018 2564 1349
1042 2522 1060 2552 ὁ
1086 2520 1177 2561 1350,
1197 2528 1247 2553 est
1273 2521 1434 2553 conserve'
1460 2521 1543 2552 dans
1571 2519 1602 2552 la
1627 2520 1870 2564 bibliotheque
1886 2523 1929 2554 de

517 2573 742 2606 l’Universile
753 2573 793 2604 de
810 2572 926 2611 Gand,
942 2579 979 2604 n⁰
999 2585 1047 2611 10,
1064 2572 1252 2605 s’e'tendent
1268 2573 1356 2604 dela
1369 2572 1545 2604 fondation
1559 2571 1600 2603 de
1615 2571 1743 2615 l'e'glise
1757 2572 1799 2605 de
1813 2573 1930 2606 Saint-

517 2627 631 2657 Bavon
644 2637 684 2656 en
697 2624 923 2667 608,jusqu'-21
940 2625 1070 2656 l'anne'e
1089 2625 1168 2657 1350
1186 2624 1463 2657 inclusive-ment.
1483 2622 1578 2656 Elles
1591 2631 1651 2656 ont
1665 2625 1718 2656 e'te'
1731 2625 1928 2668 imprime'es

516 2689 601 2718 pour
625 2677 655 2707 Ι.ι
680 2677 848 2717 premiere
866 2676 929 2707 sois
955 2688 1016 2718 par
1041 2676 1089 2708 M.
1114 2676 1223 2716 Peru,
1248 2676 1374 2719 Script.
1406 2682 1487 2708 tom.
1511 2675 1555 2713 II,
1582 2687 1657 2718 pag.
1683 2677 1836 2720 185-191.
1862 2676 1927 2710 Les

521 2727 744 2759 Bollandistcs
763 2727 838 2758 n'en
855 2727 991 2759 avaient
1009 2727 1121 2759 donne'
1135 2739 1201 2770 que
1215 2726 1381 2770 quelques
1404 2727 1523 2771 lignes.
