1924 3183
351 177 427 215 :302
927 173 1176 212 KAROLUS.

347 277 509 324 pacem
534 277 643 305 cum
677 257 901 306 Michaele
926 260 1210 323 imperatore
1237 259 1612 307 confirmandam
1638 263 1760 310 Cou-

348 337 712 401 stantinopolim
740 337 885 383 misit.
921 338 1046 383 Pons
1076 335 1201 400 apud
1223 337 1577 401 Mogontiacum
1601 355 1759 386 mense

347 416 474 462 maio
498 414 721 461 incendio
745 413 1075 478 conflagravit,
1097 423 1206 478 post
1222 413 1351 479 quod
1375 415 1634 478 imperator
1652 432 1760 461 cum

348 493 397 538 in
412 491 670 539 Arduenna
679 502 950 549 venaretur,
966 490 1140 555 pedum
1152 490 1318 539 dolore
1330 491 1574 550 decubuit,
1594 502 1641 539 et
1652 509 1761 539 con-

348 571 584 618 valescens
610 569 901 634 Aquasgrani
936 587 1150 617 reversus
1185 580 1279 625 est,
1315 587 1368 615 ac
1403 569 1572 616 deinde
1597 568 1760 617 habito

346 647 552 712 generali
585 658 855 704 conventu,
881 658 1128 694 evocatum
1159 646 1216 693 ad
1242 664 1288 693 se
1324 647 1448 710 apud
1471 646 1761 712 Aquasgrani

348 725 501 771 filium
520 742 657 770 suum
675 724 1009 773 Hludowicum
1020 760 1033 780 ,
1051 724 1321 789 Aquitaniae
1335 742 1512 788 regem,
1534 741 1762 772 coronam

348 803 416 849 illi
456 802 681 867 imposuit
696 837 709 858 ,
745 811 792 848 et
830 800 1083 865 imperialis
1122 802 1331 849 nominis
1365 801 1455 847 sibi
1491 812 1761 848 consortem

346 882 482 938 fecit3
509 879 932 944 Bernhardumque
955 889 1179 943 nepotem
1203 897 1367 937 suum,
1396 879 1550 926 filium
1571 879 1760 943 Pippini

347 958 432 1005 filii
453 959 544 1015 sui,
564 957 711 1004 Italiae
729 956 972 1021 praefecit,
989 967 1036 1003 et
1055 974 1212 1021 regem
1230 956 1451 1021 appellari
1465 956 1622 1020 jussit.
1641 956 1762 1002 Con·

346 1037 450 1082 cilia
476 1052 667 1100 quoque
685 1036 818 1097 jussu
842 1035 938 1097 ejus
965 1051 1104 1097 super
1126 1044 1252 1079 statu
1278 1034 1579 1081 ecclesiarum
1605 1034 1761 1081 corri-

344 1114 499 1179 gendo
522 1130 607 1178 per
628 1123 778 1159 totam
802 1111 1002 1157 Galliam
1026 1111 1086 1156 ab
1109 1112 1339 1175 episcopis
1364 1110 1594 1158 celebrata
1619 1122 1757 1167 sunt,

343 1208 552 1256 quorum
576 1207 729 1236 unum
755 1189 1074 1253 Mogontiaci,
1109 1189 1312 1236 alterum
1344 1189 1525 1247 Remis,
1561 1190 1759 1236 tertium

345 1268 580 1324 Turonis,
625 1277 851 1332 quartum
888 1265 1146 1314 Cabillonis
1185 1268 1281 1330 (ι),
1322 1268 1546 1332 quintum
1581 1267 1758 1314 Arelati

344 1355 683 1411 congregatum
708 1355 777 1392 est
794 1380 806 1401 ,
835 1355 881 1391 et
905 1345 1306 1392 constitutionum
1322 1381 1335 1401 ,
1357 1363 1465 1410 quae
1489 1346 1539 1391 in
1563 1344 1759 1410 singulis

340 1424 477 1470 factae
491 1433 606 1469 sunt
618 1458 631 1479 ,
655 1421 847 1468 collatio
864 1439 1025 1468 coram
1045 1422 1330 1486 imperatore
1347 1422 1396 1467 in
1417 1421 1500 1468 illo
1517 1433 1759 1469 conventu

343 1500 527 1557 habita;
551 1517 666 1565 quas
684 1499 766 1564 qui
784 1516 919 1546 nosse
936 1499 1161 1556 voluerit,
1184 1500 1231 1545 in
1248 1500 1528 1564 supradictis
1545 1500 1759 1564 quinque

342 1575 611 1623 civitatibus
638 1577 854 1622 invenire
876 1576 1081 1639 poterit,
1107 1593 1395 1640 quamquam
1422 1586 1468 1622 et
1492 1576 1542 1622 in
1567 1575 1758 1623 archivo

340 1656 500 1721 palatii
535 1654 815 1718 exemplaria
853 1654 1042 1699 illarum
1074 1652 1353 1700 habeantur.
1390 1654 1519 1700 Missi
1557 1664 1668 1699 sunt
1701 1653 1758 1699 de

340 1734 431 1781 hoc
465 1742 707 1781 conventu
737 1732 926 1797 quidam
967 1733 1262 1779 Francorum
1294 1743 1341 1779 et
1377 1733 1619 1779 Saxonum
1654 1732 1757 1795 pri-

340 1829 496 1859 mores
529 1821 660 1856 trans
691 1809 852 1856 Albim
877 1809 1078 1856 fluvium
1101 1810 1158 1856 ad
1193 1810 1400 1857 confinia
1427 1810 1755 1857 Nortmanno*

338 1907 471 1945 rum,
492 1889 573 1953 qui
598 1905 762 1951 pacem
785 1904 894 1933 cum
915 1887 979 1934 eis
1003 1886 1263 1933 secundum
1285 1887 1567 1950 petitionem
1589 1903 1755 1950 regum

340 1965 532 2012 illorum
552 1963 762 2010 facerent
776 1999 788 2019 ,
811 1973 857 2009 et
876 1963 1073 2009 fratrem
1093 1980 1259 2009 eorum
1279 1962 1549 2010 redderent.
1572 1962 1754 2022 Quibus

339 2058 448 2086 cum
458 2041 559 2104 pari
574 2056 776 2086 numero
792 2068 855 2074 —
870 2057 979 2085 nam
996 2056 1077 2085 xvl
1092 2050 1226 2086 erant
1240 2039 1312 2102 (2)
1325 2066 1385 2074 -—
1399 2038 1456 2085 de
1470 2037 1753 2102 primatibus

337 2120 584 2165 Danorum
618 2118 665 2163 in
698 2117 804 2164 loco
835 2117 1061 2180 deputato
1092 2118 1439 2173 occurrissent,
1470 2117 1753 2181 juramentis

337 2197 581 2260 utrimque
614 2195 748 2241 factis
781 2212 869 2258 pax
906 2194 1212 2252 confirmata,
1239 2205 1285 2241 et
1313 2213 1478 2260 regum
1512 2195 1659 2242 frater
1688 2195 1751 2241 eis

338 2272 548 2319 redditus
572 2283 656 2318 est.
688 2271 779 2331 Qui
805 2281 961 2317 tamen
989 2289 1044 2318 eo
1076 2282 1290 2335 tempore
1313 2271 1440 2318 domi
1466 2288 1563 2317 non
1587 2283 1746 2326 erant,

383 2454 431 2497 (ι)
457 2452 515 2486 Sic
532 2451 681 2485 Freher
705 2457 741 2484 et
759 2449 839 2484 cod.
856 2450 997 2484 Trevir.
1017 2470 1062 2475 —-
1080 2449 1150 2484 All.
1174 2449 1390 2491 Cabillione,
1413 2449 1608 2483 Cabz'lione.
1626 2448 1744 2483 Nuen.

336 2523 428 2543 com.
451 2509 644 2543 Cabilloni.

381 2569 429 2611 (ν.)
456 2566 547 2602 Cod.
578 2565 791 2600 vindobon.
822 2577 890 2613 990
920 2582 924 2597 τ
956 2578 1042 2599 nam
1071 2577 1125 2599 xv.
1160 2586 1205 2590 —
1233 2565 1336 2599 Unus
1366 2576 1384 2597 e
1412 2563 1516 2597 codd.
1548 2563 1745 2598 Annalium

340 2628 489 2661 {lauriss
520 2626 608 2670 legit
639 2639 734 2659 nam.
769 2638 801 2657 vi
834 2631 959 2667 erant,
992 2632 1027 2659 et
1061 2625 1108 2658 sic
1140 2625 1275 2658 liabent
1312 2623 1462 2657 annales
1490 2622 1616 2656 Loisel.
1650 2622 1746 2669 apud

337 2688 375 2719 l).
396 2687 569 2731 Bouqiwt
