1924 3183
350 200 426 237 388
865 190 1240 231 HLUDOWICUS.

350 301 459 331 rum
494 282 750 329 adventum
782 279 924 336 Aizo,
965 280 1335 324 Sarracenorum
1374 276 1548 323 auxilio
1583 277 1730 323 fretus
1750 313 1762 332 ,

349 363 500 409 multa
527 360 734 424 ejusdem
755 358 919 404 limitis
942 354 1217 403 custodibus
1236 354 1427 401 adversa
1451 354 1641 411 intulit,
1665 372 1767 401 eos-·

351 458 445 505 que
468 437 661 484 assiduis
683 434 1036 483 incursionibus
1056 434 1104 479 in
1126 443 1313 479 tantum
1332 431 1546 497 fatigavit
1560 468 1572 488 ,
1593 442 1648 477 ut
1665 434 1768 496 qui-

351 518 460 565 dam
496 517 717 571 illorum,
750 514 927 562 relictis
964 529 1071 578 quae
1109 511 1231 557 tueri
1268 509 1505 557 debebant
1540 509 1763 565 castellis,

350 595 645 643 recederent.
666 592 850 639 Defecit
868 591 924 637 ad
941 607 1050 637 eum
1068 599 1114 635 et
1133 587 1256 634 filius
1271 588 1436 634 Berani
1456 587 1550 651 (ι),
1572 586 1768 632 nomine

350 670 710 719 Willemundus
724 706 736 726 ,
758 687 845 716 nec
863 685 962 715 non
979 678 1025 714 et
1051 666 1127 712 alii
1150 665 1417 728 complures
1434 681 1666 710 novarum
1685 681 1767 710 re—

350 768 461 797 rum
479 748 713 814 gentilitia
734 747 924 794 levitate
943 744 1099 808 cupidi
1117 780 1130 800 ,
1149 743 1403 808 junctique
1427 741 1692 788 Sarracenis
1716 759 1769 786 ac

350 828 526 875 Mauris
549 825 836 873 Ceritaniam
861 834 906 870 et
934 823 1202 870 Vallensem
1227 821 1405 884 rapinis
1430 830 1572 884 atque
1597 820 1768 866 incen—

350 905 439 951 diis
464 902 680 969 quotidie
704 900 1009 948 infestabant.
1036 900 1250 963 Cumque
1275 898 1332 944 ad
1355 898 1582 944 sedandos
1602 915 1654 943 ac
1679 898 1768 943 mi-

352 981 569 1047 tigandos
592 978 869 1026 Gothorum
892 987 1033 1040 atque
1056 976 1379 1039 Hispanorum
1403 976 1451 1021 in
1478 974 1569 1020 illis
1593 972 1769 1021 finibus

352 1059 671 1106 habitantium
706 1057 888 1103 animos
929 1053 1197 1100 Helisachar
1224 1052 1388 1108 abbas,
1432 1071 1540 1098 cum
1576 1053 1677 1098 aliis
1711 1051 1769 1098 ab

352 1138 640 1200 imperatore
659 1134 828 1188 missis,
854 1132 1001 1177 multa
1021 1141 1067 1177 et
1086 1131 1280 1194 propria
1302 1129 1531 1175 industria
1552 1141 1598 1176 et
1620 1130 1770 1176 socio-

350 1230 461 1259 rum
497 1211 698 1259 consilio
735 1209 996 1273 prudenter
1033 1208 1428 1262 administrasset,
1470 1206 1769 1253 Bernhardus

352 1307 570 1355 quoque,
597 1288 878 1334 Barcinonae
901 1304 1081 1342 comes,
1109 1286 1300 1331 Aizonis
1325 1284 1505 1331 insidiis
1533 1295 1578 1331 et
1603 1301 1769 1331 eorum

349 1368 431 1433 qui
463 1366 522 1414 ad
547 1384 657 1413 eum
687 1364 957 1411 defecerant
983 1363 1226 1409 calliditati
1256 1380 1308 1409 ac
1332 1362 1645 1409 fraudulentis
1668 1380 1771 1407 ma·-

351 1442 707 1491 chinationibus
730 1440 1103 1506 pertinacissime
1136 1441 1400 1496 resisteret,
1433 1450 1574 1504 atque
1604 1457 1770 1486 eorum

349 1522 626 1570 temerarios
656 1531 854 1568 conatus
889 1519 1050 1565 irritos
1080 1518 1305 1573 efficeret,
1340 1518 1573 1564 exercitus
1605 1535 1629 1562 a
1663 1534 1770 1581 rege

350 1602 723 1648 sarracenorum
741 1597 1091 1644 Abdirachman
1108 1596 1165 1642 ad
1184 1596 1411 1642 auxilium
1429 1594 1598 1642 Aizoni
1619 1595 1772 1643 feren-

349 1679 464 1726 dum
489 1679 656 1725 missus
681 1678 1081 1740 Caesaraugustam
1110 1677 1291 1722 venisse
1323 1676 1599 1732 nunciatur,
1630 1693 1768 1738 supra

349 1773 494 1821 quem
527 1754 859 1810 Abumarvan,
892 1754 1014 1818 regis
1047 1752 1373 1816 propinquus,
1407 1751 1502 1797 dux
1536 1752 1770 1798 constitu-

351 1844 453 1890 tus,
480 1851 538 1880 ex
560 1830 945 1896 persuasionibus
968 1831 1159 1877 Aizonis
1184 1829 1307 1876 haud
1331 1828 1526 1875 dubiam
1550 1828 1638 1874 sibi
1669 1830 1770 1874 vic-

350 1912 526 1958 toriam
556 1909 892 1974 pollicebatur.
932 1909 1111 1956 Contra
1144 1925 1287 1971 quem
1321 1907 1580 1970 imperator
1617 1905 1769 1952 filium

351 2005 491 2034 suum
520 1988 803 2051 Pippinum,
837 1985 1105 2050 Aquitaniae
1139 2001 1324 2048 regem,
1365 2001 1473 2029 cum
1504 1983 1769 2030 immodicis

350 2067 647 2112 Francorum
682 2065 829 2128 copiis
860 2064 1081 2119 mittens,
1109 2062 1243 2127 regni
1278 2062 1349 2107 sui
1384 2061 1614 2108 terminos
1646 2062 1765 2108 tueri

349 2143 597 2207 praecepit.
630 2141 770 2201 Quod
803 2142 864 2186 ita
891 2141 1069 2186 factum
1103 2151 1221 2186 esset
1239 2178 1250 2199 ,
1278 2140 1327 2186 ni
1365 2140 1540 2185 ducum
1570 2139 1765 2193 desidia,

349 2238 470 2285 quos
502 2222 798 2267 Francorum
824 2219 1050 2266 exercitui
1086 2217 1388 2281 praefecerat,
1419 2215 1595 2263 tardius
1626 2234 1769 2282 quam

349 2315 511 2343 rerum
531 2297 776 2343 necessitas
793 2294 1081 2359 postulabat,
1106 2295 1141 2339 is
1160 2311 1303 2359 quem
1321 2291 1555 2340 ducebant
1573 2293 1629 2339 ad
1649 2311 1769 2339 mar-

349 2392 452 2420 cam
477 2374 679 2420 venisset
703 2373 951 2419 exercitus.
980 2371 1098 2431 Quae
1126 2370 1317 2416 tarditas
1343 2370 1392 2415 in
1416 2380 1602 2416 tantum
1625 2370 1764 2416 noxia

350 2451 443 2496 fuit
459 2487 472 2507 ,
500 2463 553 2496 ut
577 2450 907 2505 Abumarvan,
935 2450 1122 2495 vastatis
1150 2448 1574 2494 Barcinonensium
1598 2465 1649 2493 ac
1674 2448 1767 2494 Ge-

398 2644 447 2687 (1)
473 2643 531 2677 Sic
549 2643 665 2682 Pertz,
688 2657 770 2678 cum
791 2655 848 2677 sex
870 2643 974 2677 codd.
996 2664 1037 2668 -—
1057 2643 1100 2676 Ι),
1120 2642 1231 2688 Rouq.
1249 2648 1284 2675 et
1299 2640 1457 2675 Nuenar.
1477 2651 1570 2673 com.
1592 2639 1762 2675 Beronisn

357 2702 500 2736 Frelicr.
528 2702 643 2736 Herm.
