1924 3183
368 166 442 203 :314
668 182 673 188 =
884 164 1259 204 HLUDOWICUS.

367 252 494 315 pagis
521 260 568 298 et
591 251 791 314 acceptis
815 251 1121 315 popularium
1143 250 1387 299 obsidibus
1412 269 1471 298 XL
1495 254 1593 316 (1),
1616 255 1673 301 ad
1701 256 1790 301 im-

365 339 637 393 peratorem
662 328 712 374 in
741 327 996 376 Saxoniam
1025 329 1199 375 reversi
1226 339 1354 375 sunt.
1384 331 1486 394 Ipse
1518 331 1646 377 enim
1676 342 1791 378 tunc

368 407 599 470 temporis
635 407 686 452 in
720 406 826 455 loco
863 407 946 471 qui
990 406 1166 453 dicitur
1205 407 1482 455 Padrabrun
1526 409 1793 473 generalem

368 482 533 547 populi
570 484 639 529 sui
676 494 969 530 conventum
1011 483 1231 531 habebat.
1273 485 1345 531 lbi
1387 485 1445 531 ad
1482 503 1592 532 eum
1630 503 1794 533 omnes

370 560 678 608 orientalium
712 561 990 608 Sclavorum
1021 563 1255 626 primores
1287 572 1333 609 et
1369 563 1507 628 legati
1538 573 1791 611 venerunt.

370 638 461 685 Sed
479 648 734 703 antequam
753 638 866 684 illuc
885 640 1071 687 veniret
1091 640 1187 703 (2),
1208 639 1255 686 id
1274 650 1344 686 est
1364 657 1472 686 cum
1495 639 1647 686 adhuc
1666 640 1793 686 domi

370 725 514 772 esset,
541 715 737 762 allatum
758 727 827 762 est
849 717 890 763 ei
910 715 1140 781 quosdam
1162 716 1218 764 de
1239 716 1533 781 primoribus
1557 718 1795 764 Romano-
1855 774 1857 776 ι

370 811 478 840 rum
517 793 573 840 ad
610 794 994 841 interficiendum
1026 797 1233 842 Leonem
1271 814 1439 860 papam
1474 795 1523 841 in
1555 795 1650 859 ipsa
1679 793 1799 841 urbe

373 873 523 920 Roma
549 873 865 936 conspirasse,
899 891 950 919 ac
974 873 1172 932 deinde,
1201 891 1310 920 cum
1334 873 1472 937 hujus
1493 890 1644 920 causae
1670 871 1799 918 indi-

374 951 503 996 cium
521 950 577 997 ad
600 950 879 1014 pontificem
903 961 1022 998 esset
1038 950 1274 1008 delatum,
1297 969 1463 998 omnes
1486 951 1613 997 illius
1630 950 1800 997 factio-

376 1028 448 1073 nis
473 1038 690 1075 auctores
715 1028 859 1092 ipsius
879 1030 1013 1092 jussu
1038 1028 1180 1075 fuisse
1212 1028 1490 1075 trucidatos.
1521 1027 1662 1087 Quod
1691 1044 1802 1073 cum

374 1106 572 1153 moleste
597 1105 773 1162 ferret,
803 1106 1035 1152 ordinatis
1066 1116 1181 1152 tunc
1206 1106 1481 1152 Sclavorum
1508 1115 1555 1152 et
1587 1104 1799 1152 Herioldi

376 1183 545 1240 rebus,
574 1186 771 1248 ipsoque
807 1185 857 1230 in
882 1184 1086 1230 Saxonia
1111 1183 1331 1240 dimisso,
1369 1200 1478 1229 cum
1505 1182 1562 1228 ad
1589 1183 1804 1228 Franco-

378 1260 556 1308 nofurd
581 1262 805 1325 palatium
827 1262 1055 1317 venisset,
1084 1260 1415 1308 Bernhardum
1440 1278 1600 1325 regem
1628 1260 1799 1315 Italiae,

379 1348 604 1402 nepotem
629 1356 791 1394 suum,
820 1339 902 1403 qui
935 1349 982 1385 et
1005 1339 1102 1403 ipse
1131 1356 1291 1385 secum
1319 1339 1369 1385 in
1395 1338 1597 1385 saxonia
1621 1337 1801 1394 fuerat,

378 1415 434 1461 ad
455 1415 838 1480 cognoscendum
858 1416 988 1481 quod
1008 1416 1327 1462 nunciabatur
1351 1417 1554 1463 Romam
1574 1415 1738 1461 mittit.
1762 1415 1804 1459 Is

379 1510 490 1538 cum
516 1494 719 1540 Romam
743 1495 969 1551 venisset,
1009 1494 1295 1559 aegritudine
1330 1492 1587 1549 decubuit,
1623 1510 1697 1539 res
1730 1502 1806 1536 ta-

378 1590 490 1618 men
511 1589 627 1636 quas
647 1583 946 1636 compererat
967 1590 1053 1637 per
1071 1571 1337 1619 Geroldum
1363 1572 1588 1618 comitem
1601 1606 1615 1628 ,
1642 1570 1723 1634 qui
1749 1569 1807 1615 ad

380 1649 471 1696 hoc
512 1650 552 1696 ei
594 1650 771 1714 legatus
815 1649 970 1697 fuerat
1011 1649 1146 1696 datus
1164 1686 1176 1706 ,
1224 1649 1501 1713 imperatori
1543 1646 1801 1694 mandavit.

383 1728 536 1789 Quem
559 1727 698 1792 legati
717 1727 977 1792 pontificis,
998 1726 1238 1774 Johannes
1256 1726 1503 1790 episcopus
1527 1723 1807 1771 Silvae-Can—

382 1805 506 1853 didae
521 1842 534 1863 ‚
569 1805 850 1855 Theodorus
875 1806 1210 1854 nomenclator
1241 1815 1289 1852 et
1315 1805 1503 1869 Sergius
1537 1804 1631 1849 dux
1648 1838 1661 1860 ,
1697 1800 1806 1848 sub-

384 1884 559 1941 secuti,
597 1883 655 1930 de
696 1883 768 1930 his
802 1902 910 1950 quae
948 1884 1147 1931 domino
1187 1900 1272 1930 suo
1315 1881 1683 1946 objiciebantur,
1721 1897 1808 1944 per

384 1962 545 2007 omnia
575 1962 852 2025 imperatori
888 1961 1236 2009 satisfecerunt.
1275 1963 1435 2023 Legati
1463 1958 1723 2005 Sardorum
1751 1956 1808 2003 de

384 2039 536 2084 Carali
561 2039 751 2086 civitate
773 2039 897 2086 dona
924 2040 1130 2087 ferentes
1154 2049 1405 2085 venerunt.
1435 2037 1527 2082 Pax
1558 2054 1666 2100 quae
1699 2053 1807 2081 cum

385 2114 564 2161 Abulaz
601 2132 710 2180 rege
747 2115 1118 2162 Sarracenorum
1154 2114 1306 2171 facta,
1346 2125 1392 2160 et
1422 2130 1507 2177 per
1544 2111 1806 2159 triennium

386 2204 565 2241 servata
591 2203 713 2250 erat,
734 2194 865 2240 velut
900 2194 1081 2239 inutilis
1112 2205 1278 2257 rupta,
1310 2203 1357 2239 et
1384 2202 1549 2238 contra
1581 2208 1689 2237 eum
1722 2189 1809 2234 ite-

386 2289 495 2316 rum
525 2270 707 2318 bellum
737 2281 1007 2335 susceptum
1033 2281 1118 2317 est.
1155 2269 1456 2317 Nordbertus
1487 2269 1731 2332 episcopus
1763 2276 1809 2311 et

387 2348 663 2396 Richwinus
683 2366 839 2396 eomes
858 2349 914 2396 de
932 2347 1351 2412 Constantinopoli
1371 2346 1584 2411 regressi,
1602 2343 1812 2406 descrip-

439 2560 488 2603 (ι)
514 2558 557 2592 D.
579 2559 695 2606 Bouq.
717 2571 782 2592 xm.

442 2618 490 2662 (2)
516 2618 559 2652 D.
583 2618 696 2664 Rouq.
717 2631 799 2652 cum
821 2620 979 2654 Nucnar.
999 2620 1130 2653 comite
1148 2635 1152 2651 z
1177 2618 1401 2662 Priusquam
1421 2622 1538 2649 [alneu
1555 2614 1640 2647 illm·
1661 2614 1798 2646 veniret

401 2676 461 2709 xes!
477 2676 576 2710 domi
593 2677 714 2711 adhuc
732 2692 765 2711 cas
777 2685 825 2711 η’]
