1924 3183
434 164 509 204 144
1013 162 1258 200 PIPPINUS.

1004 287 1276 338 DCCLXV.

496 397 598 443 Hoc
626 413 755 443 anno
786 413 868 443 rex
901 396 1130 460 Pippinus
1156 395 1285 441 domi
1317 412 1364 442 se
1399 395 1664 451 continuit,
1694 412 1847 462 neque

430 483 629 537 propter
654 473 994 538 Aquitanicum
1017 471 1225 529 bellum,
1250 472 1464 536 quamvis
1492 470 1709 518 nondum
1736 472 1848 519 fini-

433 561 558 607 tum,
590 551 725 616 regni
753 551 822 597 sui
857 550 1090 597 terminos
1121 565 1330 614 egressus
1356 558 1447 604 est,
1480 548 1558 596 sed
1581 549 1848 613 generalem

431 629 596 694 populi
643 630 714 675 sui
762 638 1054 676 conventum
1096 629 1144 674 in
1185 627 1428 674 Attiniaco
1465 627 1574 673 villa
1595 663 1607 683 ,
1650 626 1846 676 hiberna

432 708 714 773 Aquisgrani
744 706 909 754 habuit
930 708 1032 770 (1),
1060 707 1142 753 ubi
1163 717 1210 754 et
1232 706 1445 762 Natalem
1466 707 1657 753 Domini
1683 717 1730 754 et
1747 708 1848 753 Pas-

432 786 516 832 cha
548 787 820 833 celebravit.

993 925 1107 970 DCC
1114 925 1266 971 LXVI
1276 961 1285 970 .

495 1031 725 1095 Pippinus
752 1049 862 1088 rex,
899 1041 1098 1095 propter
1127 1030 1480 1078 conficiendum
1505 1031 1847 1095 Aquitanicam

430 1109 611 1156 bellum
648 1120 889 1156 conventu
921 1108 1187 1155 Aurelianis
1221 1107 1416 1164 habito,
1455 1108 1503 1154 in
1540 1108 1845 1173 Aquitaniam

428 1187 670 1252 profectus
683 1224 698 1247 ,
723 1188 1018 1235 destructum
1043 1206 1068 1233 a
1087 1186 1324 1234 Waifario
1343 1187 1750 1252 Argentomagum
1770 1189 1844 1251 (2)

429 1275 635 1311 castrum
660 1264 916 1312 reaedificat
939 1266 1007 1327 (3)
1024 1300 1037 1319 ‚
1064 1263 1374 1329 depositoque
1404 1263 1469 1310 ibi
1495 1282 1686 1312 necnon
1719 1275 1766 1312 et
1797 1265 1845 1310 in

426 1342 638 1388 Biturica
681 1342 870 1388 civitate
905 1342 1203 1388 Francorum
1244 1340 1467 1405 praesidio
1490 1376 1502 1397 ‚
1551 1341 1842 1405 regreditur,

426 1419 744 1484 Natalemque-
759 1419 953 1465 Domini
979 1417 1288 1467 Salmonciaci
1306 1454 1317 1475 ‚
1341 1419 1511 1466 Pascha
1539 1436 1653 1466 vero
1685 1418 1847 1466 Genti-²

428 1497 531 1542 liaci
562 1496 833 1544 celebravit.

974 1636 1292 1682 DCCLXVII.

492 1745 607 1791 Orta
634 1746 900 1809 quaestione
929 1744 986 1790 de
1013 1743 1181 1789 Sancta
1213 1726 1452 1788 Trinitate
1482 1753 1529 1789 et
1558 1743 1614 1790 de
1644 1744 1845 1791 Sancto-2

426 1839 535 1868 rum
560 1821 844 1887 imaginibus
872 1821 998 1868 inter
1021 1820 1304 1869 orientalem
1338 1831 1384 1867 et
1407 1820 1748 1869 occidentalem
1773 1839 1840 1869 ec—

426 1899 635 1956 clesiam,
671 1900 717 1946 id
750 1910 819 1946 est
852 1900 1092 1946 Romanos
1124 1909 1172 1945 et
1203 1897 1420 1953 Graecos,
1459 1916 1543 1945 rex
1577 1899 1836 1963 Pippinus,

424 1986 664 2023 conventu
688 1976 736 2022 in
761 1975 1027 2023 Gentiliaco
1048 1974 1159 2021 villa
1185 1984 1495 2039 congregato,
1522 1975 1763 2040 synodum
1783 1976 1839 2023 de

424 2054 521 2117 ipsa
539 2054 804 2118 quaestione
822 2053 1013 2110 habuit3
1041 2069 1191 2118 eoque
1210 2062 1402 2116 peracto
1414 2087 1426 2108 ,
1450 2052 1507 2099 ad
1528 2052 1706 2100 bellum
1723 2071 1841 2118 prae-

423 2131 605 2177 dictum
630 2131 983 2178 conficiendum
1004 2139 1111 2194 post
1131 2129 1346 2176 Natalem
1364 2130 1558 2177 Domini
1580 2131 1629 2177 in
1649 2131 1838 2196 Aquita-

423 2209 552 2255 niam
571 2208 908 2273 proficiscitur.
931 2208 995 2254 Et
1009 2225 1095 2271 per
1112 2206 1388 2255 Narbonam
1406 2209 1497 2255 iter
1515 2226 1669 2274 agenS,
1693 2209 1838 2257 Tolo-

422 2304 520 2332 sam
555 2303 765 2351 agressus
805 2286 956 2350 cepit,
1000 2284 1274 2332 Albiensem
1315 2296 1362 2332 et
1394 2285 1724 2333 Gavuldanum
1762 2287 1833 2351 (4)

467 2436 517 2479 (ι)
542 2433 634 2470 Cod.
654 2433 868 2470 Vindobon.
897 2445 959 2467 110
982 2449 986 2465 e
1020 2446 1050 2467 c,
1078 2435 1101 2466 i.
1131 2433 1318 2467 Attiniaco
1343 2433 1435 2467 villa
1463 2433 1602 2468 habuit.
1629 2432 1832 2469 Hibernwn

423 2498 565 2540 Iempus
583 2492 921 2540 Aquisgranisuit.

468 2553 518 2598 (2)
544 2552 637 2587 Cod.
657 2552 869 2589 Vindobon.
891 2563 954 2586 110
974 2568 978 2583 1
1006 2551 1215 2596 Argentum
1236 2562 1422 2595 magnum.

468 2610 517 2656 (3)
543 2611 586 2645 D.
609 2612 723 2659 Bouq.
746 2617 904 2657 reparat.

465 2672 514 2714 (4)
540 2672 582 2706 ΑΙ
624 2672 907 2707 (ιάνιιΙ(Ιὶ(ι)ιιιηι.
933 2672 975 2705 D.
997 2671 1108 2717 Bouq.
1133 2669 1410 2705 Gamddemem.
