1924 3183
419 194 493 230 136
994 189 1240 228 PIPPINUS.

412 289 466 323 ut
483 276 846 341 promitterent,
869 293 915 323 se
933 293 1123 324 omnem
1143 276 1440 323 voluntatem
1459 275 1584 323 illius
1603 294 1697 325 esse
1720 278 1821 324 fac-

414 365 574 410 turos,
598 362 645 399 et
676 352 811 398 annis
845 352 1039 418 singulis
1080 352 1276 400 honoris
1302 369 1434 398 causa
1469 352 1526 398 ad
1557 354 1823 417 generalem

413 440 704 478 conventum
738 446 882 495 equos
917 448 999 476 ccc
1026 447 1115 494 pro
1152 446 1350 476 munere
1390 429 1598 478 daturos.
1639 431 1722 477 His
1760 431 1823 478 ita

414 506 712 571 compositis,
740 516 786 553 et
815 523 948 553 more
983 507 1226 563 saxonico,
1250 516 1302 552 ut
1323 515 1420 552 rata
1449 524 1544 553 esse
1566 505 1821 564 deberent,

414 585 706 632 confirmatis
721 619 734 640 ‚
754 584 803 630 in
826 583 1027 631 Galliam
1052 602 1146 631 sese
1164 602 1272 630 cum
1290 583 1498 631 exercitu
1521 600 1606 630 suo
1625 584 1821 648 recepit.

986 724 1235 771 DCCLIX.

479 831 627 877 Natus
646 841 713 877 est
731 831 934 894 Pippino
949 831 1045 894 regi
1066 830 1189 876 filius
1202 866 1215 886 ‚
1239 847 1382 895 quem
1398 847 1483 876 suo
1502 830 1698 877 nomine
1717 830 1825 894 Pip-

412 907 581 970 pinum
603 907 761 954 vocari
786 906 954 953 voluit.
988 906 1077 953 Sed
1101 924 1219 970 puer
1248 907 1498 953 immatura
1520 917 1676 953 morte
1699 924 1826 970 prae-

412 995 600 1042 ventus,
620 985 762 1032 tertio
776 994 884 1049 post
899 985 1194 1031 nativitatem
1204 1003 1333 1030 suam
1350 1001 1477 1031 anno
1491 983 1704 1031 decessit.
1724 985 1827 1030 Hoc

414 1081 542 1110 anno
565 1061 819 1110 celebravit
838 1081 920 1109 rex
943 1062 1147 1109 natalem
1169 1063 1363 1109 Domini
1387 1062 1434 1108 in
1463 1061 1693 1126 Longlare
1719 1062 1792 1125 (1)
1812 1097 1825 1118 ,

416 1151 463 1187 et
493 1140 666 1187 Pascha
703 1141 752 1186 in
778 1141 931 1204 Jopila
942 1160 955 1198 3
986 1158 1139 1206 neque
1171 1152 1300 1188 extra
1334 1141 1466 1204 regni
1497 1140 1566 1185 sui
1599 1140 1829 1187 terminos

416 1216 609 1281 aliquod
634 1218 724 1264 iter
742 1216 873 1264 fecit.

1009 1355 1233 1403 DCCLX.

480 1459 740 1506 Waifarius
762 1460 857 1506 dux
879 1460 1176 1524 Aquitaniae,
1195 1477 1303 1506 cum
1321 1478 1412 1517 res,
1439 1477 1546 1525 quae
1567 1460 1615 1505 in
1636 1476 1716 1505 sua
1742 1477 1832 1523 po-

417 1547 582 1584 testate
606 1547 772 1594 erant,
802 1548 849 1584 et
880 1538 937 1584 ad
962 1538 1174 1585 ecclesias
1198 1537 1285 1583 sub
1312 1556 1456 1584 manu
1488 1538 1676 1602 Pippini
1708 1539 1832 1602 regis

418 1615 697 1661 constitutas
720 1614 1050 1679 pertinebant,
1075 1614 1340 1661 rector-ibus
1360 1616 1573 1678 ipsorum
1589 1614 1831 1662 venerabi-

417 1691 538 1736 lium
571 1691 789 1738 locorum
821 1691 1015 1738 reddere
1039 1691 1292 1747 noluisset,
1322 1691 1569 1756 ipsumque
1593 1708 1751 1755 regem
1773 1690 1830 1738 de

420 1769 545 1816 hisce
568 1770 640 1832 (2)
664 1787 749 1832 per
768 1769 943 1834 legatos
976 1786 1081 1815 suos
1110 1779 1497 1816 commonentem
1524 1768 1684 1815 audire
1710 1784 1833 1815 con—

424 1856 680 1904 temneret,
709 1848 1004 1893 contumacia
1029 1864 1107 1892 sua
1132 1845 1189 1892 ad
1216 1845 1566 1910 suscipiendum
1592 1856 1758 1893 contra
1785 1863 1832 1894 se

420 1922 601 1971 bellum
623 1926 897 1972 concitavit.
919 1925 1038 1971 Nam
1058 1942 1142 1971 rex
1165 1925 1420 1971 contractis
1445 1924 1656 1989 undique
1682 1924 1830 1988 copiis

420 2002 725 2065 Aquitaniam
758 2003 1016 2067 ingressus,
1044 2001 1170 2049 bello
1208 2020 1253 2049 se
1278 2020 1350 2049 res
1382 2013 1428 2048 et
1449 2002 1652 2066 justitias
1682 2002 1827 2049 eccle-

419 2080 595 2126 siarum
617 2091 892 2127 exacturum
911 2082 985 2145 (3)
1007 2080 1352 2144 pronuntiavit.
1376 2080 1591 2144 Cumque
1614 2081 1664 2126 in
1693 2080 1825 2138 loco,

421 2156 503 2219 qui
539 2156 731 2203 Tedoad
758 2157 831 2222 (4)
867 2167 1087 2213 vocatur,
1123 2157 1289 2220 positis
1332 2157 1493 2202 castris
1519 2155 1828 2215 consedisset,

421 2233 681 2281 VVaifarius
720 2233 847 2281 bello
880 2244 1059 2281 certare
1088 2252 1188 2281 non
1223 2251 1386 2291 ausus,
1414 2234 1552 2279 missa
1584 2234 1641 2279 ad
1671 2250 1829 2298 regem

421 2310 677 2374 legatione,
697 2310 898 2375 spondet
928 2329 974 2358 se
999 2313 1223 2376 imperata
1245 2311 1499 2368 facturum,
1528 2311 1827 2358 ecclesiarum

470 2519 518 2562 (1)
544 2519 672 2553 Pertz:
695 2520 888 2553 Lonclare.

470 2578 518 2620 (2)
543 2577 598 2611 Ita
620 2577 731 2613 habet
755 2578 798 2612 D.
816 2579 929 2625 Bouq.
948 2598 992 2603 —
1009 2578 1113 2612 Pertz
1132 2596 1137 2611 ;
1159 2589 1280 2623 regem
1298 2590 1364 2622 pro
1383 2576 1439 2610 his
1458 2589 1494 2611 se
1513 2590 1590 2622 per.

472 2635 520 2679 (Β)
538 2637 581 2670 D.
601 2637 715 2684 Bouq.
736 2651 773 2672 se
790 2651 846 2671 res
861 2639 1095 2673 ecclesiarum
1108 2637 1202 2672 bello
1220 2643 1448 2672 exacturum,

469 2696 519 2738 (ά)
544 2695 614 2729 ΑΗ,
643 2696 762 2737 Tedo,
789 2697 978 2732 leedoad.
