1924 3183
412 173 487 213 142
990 172 1237 212 PIPPINUS.

410 262 478 308 De
497 277 589 326 qua
612 260 911 324 expeditione
936 261 1115 308 Tassilo
1143 261 1369 325 Bajoariae
1389 261 1511 320 dux,
1539 264 1821 329 aegritudine

409 356 495 403 per
533 338 698 386 dolum
730 338 971 399 simulata,
1010 340 1214 404 patriam
1239 340 1313 403 (1)
1348 357 1561 389 reversus
1598 353 1693 400 est,
1739 342 1823 389 fir-

409 426 633 480 matoque
655 415 712 462 ad
741 414 1055 463 defectionem
1078 417 1262 474 animo,
1289 416 1345 464 ad
1365 418 1486 482 regis
1512 430 1823 483 conspectum

410 491 608 538 ulterius
627 510 673 539 se
693 493 767 556 (2)
790 503 1046 539 venturum
1072 491 1320 556 abjuravit.
1337 522 1402 529 —
1416 494 1516 540 Rex
1530 530 1542 550 ,
1563 495 1754 542 dimisso
1774 496 1823 541 in

410 567 608 616 hiberna
644 569 883 627 exercitu,
925 569 982 615 ad
1023 569 1327 616 hiemandum
1363 572 1412 618 in
1451 571 1561 618 villa
1591 573 1825 637 Longlare

413 646 656 704 consedit,
685 655 825 711 atque
854 645 919 692 ibi
952 646 1166 694 Natalem
1201 647 1393 694 Domini
1425 666 1477 695 ae
1509 648 1682 695 Pascha
1702 649 1825 696 cele-

412 725 585 772 bravit.
614 725 751 771 Facta
775 734 843 771 est
872 735 1029 772 autem
1060 741 1116 772 eo
1145 736 1357 790 tempore
1381 737 1477 772 tam
1508 727 1657 773 valida
1683 738 1824 792 atque

414 819 573 866 aspera
608 801 779 859 hiems,
813 812 867 847 ut
896 802 1189 849 immanitate
1222 802 1414 867 frigoris
1448 803 1568 851 nulli
1598 805 1671 868 (ὅ)
1698 821 1829 868 prae·-

416 880 673 928 teritorum
690 895 930 926 annorum
953 877 1096 926 hiemi
1121 879 1361 928 videretur
1378 899 1513 945 posse
1531 881 1759 929 conferri.

980 1017 1274 1066 DCCLXIV.

481 1128 583 1173 Rex
603 1124 857 1189 Pippinus,
895 1123 1120 1171 distracto
1158 1125 1208 1171 in
1241 1125 1422 1173 diversa
1447 1126 1607 1174 animo
1633 1137 1831 1192 propter

419 1205 514 1251 duo
536 1203 684 1259 bella,
710 1203 1055 1267 Aquitanicum
1077 1205 1176 1265 jam
1204 1203 1321 1250 olim
1354 1215 1648 1269 susceptum,
1675 1216 1722 1253 et
1745 1207 1832 1252 Ba-

412 1282 647 1346 J’oarieum
680 1290 879 1344 propter
904 1280 1159 1327 Tassilonis
1182 1279 1312 1327 ducis
1335 1281 1650 1330 defectionem
1683 1283 1833 1330 susci-

418 1357 668 1422 piendum,
701 1356 867 1420 populi
895 1356 965 1402 sui
985 1356 1251 1420 generalem
1270 1368 1559 1405 conventum
1593 1358 1760 1405 habuit
1782 1360 1831 1406 in

418 1435 694 1483 Wormaeia
712 1435 918 1480 civitate.
940 1434 1185 1499 Dilataque
1203 1435 1251 1480 in
1266 1434 1485 1481 futurum
1503 1435 1830 1500 expeditione,

421 1513 505 1559 illo
524 1529 651 1560 anno
683 1511 811 1559 domi
837 1528 884 1557 se
909 1511 1167 1557 continuit.
1197 1512 1526 1576 Hiemavitque
1547 1513 1597 1558 in
1612 1513 1721 1558 villa
1744 1513 1833 1558 Ca-

419 1591 613 1646 risiaco,
640 1598 780 1652 atque
804 1588 852 1634 in
883 1605 930 1634 ea
957 1587 1173 1634 Natalem
1194 1590 1387 1635 Domini
1413 1600 1459 1636 et
1482 1600 1697 1636 sanetum
1719 1591 1831 1635 Pas-

422 1666 566 1713 chalis
582 1667 689 1713 festi
714 1665 922 1713 solemne
947 1666 1013 1728 (4)
1035 1665 1305 1712 celebravit.
1330 1666 1512 1714 Eodem
1535 1685 1662 1715 anno
1685 1667 1828 1731 eclip-

422 1745 482 1790 sis
507 1743 615 1791 solis
639 1743 761 1789 facta
785 1753 854 1789 est
877 1759 930 1788 11.
958 1759 1076 1789 non.
1096 1744 1204 1807 jun.
1233 1744 1299 1806 (5)
1325 1742 1440 1790 hora
1464 1753 1608 1790 sexta.

469 1964 519 2008 (1)
543 1962 587 1996 D.
613 1962 728 2009 Bouq.
750 1963 787 1995 in
804 1963 965 2008 patriam
984 1974 1149 1996 reversus
1165 1968 1230 1996 est.

467 2031 518 2076 (2)
543 2030 588 2064 D.
609 2030 722 2076 Bouq.
744 2028 837 2063 adr.
858 2036 1046 2075 aspectum
1063 2042 1101 2064 se
1122 2031 1274 2064 ulterius
1290 2043 1328 2064 v.

466 2098 516 2145 (5)
541 2100 595 2133 Ita
615 2098 724 2133 habet
744 2099 787 2132 D.
811 2099 925 2146 Bouq.
949 2098 1061 2133 etalii
1083 2098 1171 2133 edit.
1198 2099 1323 2142 Pertz‚
1358 2111 1441 2133 cum
1467 2097 1686 2146 quibusdam
1717 2096 1825 2131 codd.

423 2159 549 2193 nulloe.
572 2158 659 2202 Quae
689 2157 836 2200 menda,
858 2158 1133 2192 amanuensium
1154 2159 1366 2204 ignorantiae
1389 2157 1601 2200 tribuenda,
1622 2163 1826 2191 accuratam

423 2218 625 2266 Eginhardi
646 2217 844 2252 dictionem
861 2219 1012 2253 minime
1033 2220 1137 2265 sapit.
1150 2220 1196 2254 Et
1213 2219 1262 2253 sic
1276 2218 1320 2253 de
1332 2218 1549 2266 quibusdam
1568 2217 1646 2252 aliis
1664 2216 1826 2251 barbaris

422 2278 571 2311 vocibus
584 2285 624 2311 ut
640 2279 905 2322 reelperaverat
920 2289 985 2323 pro
1001 2283 1295 2323 recuperaverah
1309 2279 1414 2323 coepit
1430 2289 1496 2323 pro
1515 2278 1616 2321 cepit,
1637 2282 1719 2319 ete,
1738 2286 1826 2322 quas

422 2338 460 2371 in
480 2343 618 2371 textum
633 2336 781 2370 admisit
796 2336 976 2379 pertzius,
993 2337 1207 2371 auctoritate
1222 2336 1358 2371 scilicet
1375 2343 1538 2370 veterum
1556 2334 1721 2369 codicum
1736 2362 1744 2378 ‚
1764 2333 1827 2369 sed

421 2409 500 2443 ηυδε
515 2403 637 2431 tamen
656 2395 778 2439 nobis,
795 2395 1049 2441 adjuvantibus
1067 2396 1145 2430 aliis
1164 2396 1285 2440 codd„
1306 2394 1536 2431 emendandae
1555 2395 1634 2428 visae
1650 2399 1746 2427 sunt.

468 2466 517 2510 (4)
537 2465 579 2498 D.
601 2465 715 2511 Bouq.
733 2471 899 2499 sanctum
918 2465 1065 2499 Pascha
1084 2466 1149 2499 ccl.
1174 2486 1214 2490 -—
1228 2464 1345 2500 Codd.
1364 2463 1574 2500 vindobon.
1600 2475 1661 2497 110
1677 2469 1713 2496 et
1732 2473 1800 2510 990
1816 2477 1822 2493 ε

423 2530 590 2557 sanctam
609 2523 913 2570 Paschalc'sfesti
928 2525 1194 2558 solennitatem.

467 2589 516 2634 (ὅ)
542 2590 657 2625 Codd.
677 2591 818 2625 Trevir.
836 2592 1002 2626 Hannov,
1018 2599 1054 2626 et
1072 2591 1285 2628 Vindobon.
1313 2603 1374 2625 110
1396 2606 1401 2623 t
1423 2590 1564 2624 Iluam,
1584 2590 1665 2633 jrm.
