1924 3183
406 166 419 199 l
433 166 479 198 10
740 157 861 194 VITA
891 156 1084 195 KAROLI
1116 155 1475 194 IMPERATORIS.

403 248 531 312 «pio
565 247 638 310 (ι)
680 245 963 292 Ravennatis
1007 245 1213 291 ecclesiae
1251 244 1527 291 conferatur
1564 246 1651 307 (2).
1698 246 1812 292 Ter-

403 346 424 369 «
454 325 585 381 tiam,
603 340 709 387 quae
729 323 910 370 caeteris
925 332 969 370 et
984 322 1138 386 operis
1153 319 1513 385 pulchritudine
1530 322 1811 386 etponderis

402 423 424 446 «
452 402 678 466 gravitate
715 400 924 447 multum
956 400 1168 456 excellit,
1195 417 1302 465 quae
1340 417 1396 446 ex
1430 399 1583 446 tribus
1614 400 1812 447 orbibus

402 500 424 523 «
455 495 667 525 connexa
693 478 764 541 (3)
780 513 792 534 ,
823 477 967 524 totius
991 477 1158 523 mundi
1182 476 1549 540 descriptionem
1575 477 1735 524 subtili
1760 495 1811 524 ac

402 577 424 600 α
450 557 633 602 minuta
663 555 946 620 figuratione
978 554 1336 618 complectitur,
1359 565 1406 601 et
1430 571 1619 600 auream
1654 555 1808 612 illam,

401 654 423 678 ι(
451 652 558 699 quae
598 644 762 698 quarta
791 650 886 679 esse
914 633 1037 679 dicta
1073 642 1166 687 est,
1214 632 1339 678 inter
1367 632 1441 695 (4)
1475 630 1667 679 heredes
1705 650 1812 679 suos

401 722 591 775 «atque
630 711 678 756 in
717 710 1048 757 eleemosinam
1084 709 1348 756 dividendae
1391 710 1537 773 partis
1582 727 1812 774 augmen—

400 809 421 833 «
450 799 554 834 tum
584 788 654 852 (5)
690 804 786 834 esse
822 787 1088 834 constituit.
1131 788 1263 833 Hanc
1299 788 1371 850 (6)
1417 788 1812 835 constitutionem

399 877 590 930 «atque
628 864 983 913 ordinationem
1024 881 1184 910 coram
1228 865 1487 929 episcopis,
1531 864 1807 922 abbatibus,

400 964 423 989 «
449 941 825 1007 comitibusque,
857 942 940 1006 qui
974 952 1089 988 tunc
1116 950 1370 1005 praesentes
1398 960 1492 989 esse
1521 954 1807 1007 potuerunt,

397 1042 421 1067 «
447 1038 752 1087 quorumque
788 1019 862 1066 hic
897 1020 1092 1067 nomina
1116 1020 1347 1083 descripta
1368 1030 1502 1076 sunt,
1533 1020 1648 1067 fecit
1671 1031 1811 1085 atque

397 1120 419 1143 «
449 1099 716 1146 constituit.
754 1097 975 1162 Episcopi
1009 1098 1082 1161 (7)
1122 1116 1131 1141 :
1170 1097 1474 1144 Hildebaldus
1506 1099 1601 1161 (8),
1642 1099 1810 1145 Ricol-

395 1195 416 1220 «
445 1176 518 1222 fus
547 1176 643 1239 (9),
671 1179 802 1221 Arno
829 1175 954 1236 (10),
991 1173 1258 1221 Wolfarius
1283 1175 1326 1237 (1
1344 1175 1417 1237 1),
1443 1175 1652 1222 Bernoin
1677 1176 1805 1238 (12),

437 1435 486 1479 (ι)
512 1434 566 1468 Ita
594 1432 706 1466 habet
727 1431 834 1465 Pertz
853 1442 938 1465 cum
960 1430 1109 1477 plerisq.
1136 1430 1244 1464 codd.
1268 1430 1429 1464 Duodec.
1452 1430 1558 1465 codd.
1585 1430 1714 1477 legunt
1733 1434 1805 1477 epi-

391 1507 498 1540 scopo
510 1510 519 1533 ;
536 1494 587 1527 sic
604 1499 641 1528 et
657 1492 702 1526 D.
722 1492 837 1538 Bouq.
859 1490 922 1525 sed
937 1502 1143 1537 perperam.

436 1554 486 1599 (2)
513 1551 604 1587 Cod.
627 1549 841 1585 Vindobon.
861 1547 928 1596 667
947 1564 953 1582 τ
977 1547 1149 1588 duretam
1171 1547 1303 1594 reliqui
1323 1560 1449 1583 omnes
1469 1564 1474 1581 ς
1498 1547 1723 1594 conferatur.

436 1611 486 1658 (3)
511 1610 603 1646 Cod.
623 1609 716 1656 Reg.
737 1609 852 1643 Paris.
873 1606 965 1654 5925
983 1614 1020 1641 et
1039 1614 1196 1654 quatuor
1213 1606 1273 1640 alii
1296 1622 1302 1639 :
1324 1619 1502 1641 connexa.

435 1672 486 1716 (4)
511 1670 659 1717 Septem
674 1668 752 1702 dec.
771 1665 876 1701 codd.
895 1668 933 1700 in
951 1668 1078 1701 tertiae
1097 1666 1197 1701 illius
1213 1672 1248 1700 et
1265 1668 1372 1700 inter.
1392 1666 1510 1701 Codd.
1526 1667 1740 1702 Vindobon.
1763 1667 1804 1701 16

389 1738 426 1766 et
444 1731 537 1778 Reg.
559 1729 674 1764 Paris.
699 1728 786 1776 4877
811 1743 818 1761 2
840 1727 1048 1773 inter-filios
1068 1733 1103 1760 et
1119 1729 1225 1760 inter.
1248 1746 1289 1750 —
1310 1725 1402 1761 Cod.
1424 1726 1516 1773 Reg.
1541 1727 1656 1761 Paris.
1679 1726 1770 1775 5997
1794 1743 1799 1761 :

389 1792 424 1824 ιή
448 1789 553 1824 theca
571 1788 670 1822 illius
691 1792 726 1820 et
744 1788 850 1820 inter.

437 1847 486 1894 (5)
511 1847 604 1882 Nov.
624 1844 731 1880 codd.
753 1849 963 1890 augmento.

433 1907 484 1952 (6)
509 1906 580 1942 Hic
597 1905 756 1940 editores
773 1910 883 1950 caput
900 1902 945 1945 54
967 1903 1143 1936 inchoant
1155 1931 1163 1945 ‚
1186 1902 1247 1937 sed
1267 1915 1459 1949 perperam
1481 1915 1596 1950 quum
1612 1903 1802 1950 sequentia

387 1978 461 2002 non
481 1965 603 2000 minus
622 1977 661 1999 ac
679 1964 863 1998 anteriora
879 1962 1051 1997 breviarii
1066 1961 1186 1995 adhue
1203 1962 1313 1996 verba
1331 1962 1404 1995 sint
1423 1962 1571 2006 (Pertz).

433 2027 485 2073 (7)
510 2025 690 2071 Episcopi
718 2022 819 2057 deest
850 2023 888 2056 in
919 2021 1026 2056 codd.
1059 2021 1239 2055 Christiu.
1271 2020 1404 2067 Regin.
1437 2019 1504 2068 657
1535 2027 1571 2055 et
1600 2019 1667 2067 692
1699 2026 1735 2054 et
1764 2021 1801 2053 in

386 2083 468 2118 cod.
488 2082 581 2130 Reg.
602 2081 797 2116 parisiensi
815 2079 930 2122 5554·‚
948 2080 997 2113 ita
1017 2085 1053 2113 et
1070 2079 1163 2112 infra
1178 2090 1281 2112 voces
1295 2078 1464 2112 Abbates
1479 2085 1516 2112 et
1536 2078 1705 2112 Comites.

430 2141 482 2186 (8)
507 2141 579 2176 All.
598 2139 857 2181 Hildibaldus,
885 2137 1158 2179 Hidclibaldus‚
1182 2136 1445 2179 Hildeboldus,
1475 2135 1735 2170 Addebaldus.
1757 2156 1801 2161 -—-

386 2200 475 2236 Cod.
495 2199 708 2235 Vindobon.
733 2212 744 2233 1
756 2210 796 2232 1o
813 2214 819 2232 :
841 2197 880 2232 H
882 2196 1092 2232 ildebaldus
1106 2199 1325 2243 agrippinus
1343 2196 1651 2243 archiepiscopus.

432 2260 482 2306 (9)
506 2258 578 2294 All.
598 2258 665 2292 Ric
698 2257 779 2300 '‘bs,
802 2256 1013 2303 Riclmlfus‚
1033 2255 1220 2302 Riculsus,
1246 2255 1465 2301 Riculplzzcs.
1482 2275 1528 2280 —-
1541 2254 1632 2290 Cod.
1652 2253 1800 2291 Vindo-

384 2318 471 2352 bon.
496 2331 507 2352 1
520 2329 560 2352 10
581 2333 587 2351 :
613 2316 813 2362 Ricotplzus
830 2317 1065 2362 mogontinus
1082 2314 1390 2360 archiepiscopus.

430 2379 504 2423 (ιο)
528 2376 700 2424 Plerique
720 2374 824 2410 codd>
845 2376 956 2415 Arn.;
976 2375 1036 2409 alii
1055 2375 1200 2417 Arnus,
1222 2373 1480 2420 A1·1m(fus.-—
1494 2371 1615 2407 Codd.
1634 2370 1794 2405 Florent.

385 2444 421 2471 et
441 2436 658 2472 Vindobon.
685 2449 695 2469 1
708 2448 767 2479 10,
789 2434 1075 2482 Arnwogsarius
1093 2434 1331 2468 contrahunt.

428 2495 501 2540 (11)
526 2494 596 2529 All.
622 2494 668 2528 W
667 2493 865 2539 olplzarius,
894 2493 1122 2539 lVolffarius,
1152 2492 1199 2525 W
1198 2491 1355 2537 iffariscs,
1380 2489 1624 2534 qualfarius,
1651 2488 1795 2528 Wulsa-

386 2554 471 2594 rius,
492 2553 530 2586 V
528 2551 697 2598 alferius.

431 2612 504 2655 (ιῖ)
530 2610 600 2646 All.
624 2611 782 2645 Beuoin.
812 2611 992 2645 liei-noim.
1018 2610 1242 2651 Bernanius,
1266 2609 1495 2644 Remmium,
1530 2607 1788 2640 liertwwitcus.

390 2670 418 2702 B
422 2671 545 2703 crnoin
552 2683 604 2702 us,
