1924 3183
379 147 457 184 ‘296
961 143 1212 183 KAROLUS.

377 242 674 296 congregatae
695 239 830 277 erant
845 266 858 288 ‚
885 231 1101 288 accessit,
1128 231 1380 296 farumque
1400 231 1465 277 ibi
1487 234 1558 296 (1)
1582 234 1638 280 ad
1657 235 1795 280 navi-

375 310 591 373 gantium
611 327 774 355 cursus
794 307 1065 373 dirigendos
1086 309 1352 372 antiquitus
1371 311 1680 357 constitutam
1698 330 1794 359 res-

378 386 580 431 tauravit
597 421 610 441 ‚
656 395 702 432 et
747 386 794 431 in
838 385 1109 432 summitate
1154 387 1251 448 ejus
1299 395 1593 433 nocturnum
1636 388 1794 451 ignem

376 461 609 508 accendit.
647 462 761 509 Inde
791 462 848 509 ad
881 462 1086 508 Scaldim
1121 461 1323 508 fluvium
1351 463 1572 520 veniens,
1609 464 1657 509 in
1686 464 1795 511 loco

375 540 456 604 qui
479 539 644 585 Gauda
668 541 737 603 (2)
756 550 971 596 vocatur,
996 557 1136 586 naves
1158 540 1215 585 ad
1243 539 1439 587 eandem
1465 540 1655 587 classem
1680 541 1795 589 aedi-

375 617 533 664 ficatas
562 619 770 682 aspexit,
805 629 852 666 et
881 619 1004 665 circa
1033 618 1244 665 medium
1273 617 1610 665 novembrium
1640 619 1797 684 Aquas

376 696 524 742 venit.
553 695 820 742 Obviarunt
851 697 892 744 ei
919 696 1130 744 venienti
1166 697 1305 761 legati
1340 696 1613 762 Hemmingi
1646 698 1794 761 regis,

375 773 549 822 Aowin
571 785 618 821 et
638 773 790 822 Hebhi
804 810 819 832 ‚
841 791 1041 822 munera
1071 775 1193 840 regis
1221 785 1267 822 et
1290 775 1431 822 verba
1452 776 1643 840 pacifica
1663 775 1796 822 defe-

375 864 558 910 rentes;
580 853 778 901 fuerunt
791 854 936 900 etiam
949 854 1096 919 Aquis
1112 854 1369 901 adventum
1384 856 1481 918 ejus
1495 864 1799 918 expectantes

377 932 458 995 qui
474 931 531 978 de
546 932 794 979 Pannonia
812 941 1075 991 venerunt,
1095 932 1342 978 Canizauci
1360 933 1431 995 (5)
1446 933 1667 996 princeps
1683 931 1801 978 Ava-

376 1027 503 1066 rum,
535 1020 582 1056 et
607 1009 836 1066 Thudun,
864 1020 911 1057 et
934 1009 1011 1055 alii
1031 1011 1265 1074 primores
1290 1028 1341 1056 ac
1365 1011 1504 1058 duces
1521 1010 1799 1058 Sclavorum

378 1087 500 1132 circa
520 1086 794 1132 Danubium
814 1086 1158 1143 habitantium,
1176 1087 1258 1150 qui
1276 1104 1299 1132 a
1317 1086 1515 1132 ducibus
1533 1087 1796 1151 copiarum,

376 1183 484 1228 quae
503 1166 550 1210 in
565 1165 860 1211 Pannoniam
879 1166 1032 1211 missae
1048 1164 1241 1211 fuerant
1254 1201 1266 1221 ,
1285 1165 1342 1211 ad
1356 1166 1658 1229 praesentiam
1674 1165 1802 1228 prin-

378 1242 493 1304 cipis
510 1241 625 1304 jussi
649 1252 904 1289 venerunt.
930 1243 1114 1289 Interea
1135 1242 1338 1288 Karolus
1357 1242 1483 1288 filius
1504 1243 1802 1306 imperatoris

378 1318 461 1380 qui
479 1320 633 1381 major
651 1328 767 1363 natu
786 1329 909 1375 erat,
934 1335 966 1363 11
992 1335 1141 1365 nonas
1161 1318 1422 1375 decembr„
1441 1319 1567 1366 diem
1587 1317 1731 1376 obiit3
1756 1330 1803 1366 et

381 1395 640 1458 imperator
663 1395 812 1460 Aquis
837 1394 1078 1442 hiemavit,

956 1614 1226 1661 DCCCXII.

450 1724 547 1770 Nec
571 1723 725 1769 multo
749 1733 857 1787 post
886 1722 1198 1786 Hemmingus
1222 1721 1468 1767 Danorum
1493 1737 1576 1766 rex
1601 1718 1804 1765 defunc—

387 1812 461 1847 tus
490 1801 765 1847 nunciatur.
800 1799 886 1845 Cui
923 1816 1032 1844 cum
1063 1798 1337 1862 Sigifridus,
1373 1814 1521 1860 nepos
1551 1794 1801 1842 Godofridi

385 1879 508 1942 regis
525 1914 538 1934 ‚
573 1888 621 1924 et
645 1877 804 1923 Anulo
834 1877 908 1940 (4)
923 1912 937 1934 ‚
971 1893 1117 1939 nepos
1141 1875 1351 1922 Herioldi
1387 1873 1629 1938 quondam
1656 1873 1802 1936 regis,

388 1955 634 2002 succedere
664 1955 948 2012 voluissent,
985 1972 1137 2018 neque
1176 1954 1301 2000 inter
1336 1969 1437 2008 eOS,
1471 1960 1578 1998 uter
1610 1967 1806 2015 regnare

387 2033 605 2091 deberet,
649 2033 904 2079 convenire
947 2032 1203 2095 potuisset,
1250 2030 1530 2094 comparatis
1574 2029 1721 2092 copiis
1760 2038 1807 2074 et

390 2111 642 2157 commisso
664 2109 858 2174 praelio,
883 2109 1025 2156 ambo
1045 2110 1338 2156 moriuntur.
1363 2109 1473 2154 Pars
1498 2118 1654 2154 tamen
1677 2106 1807 2152 Anu-

438 2336 486 2379 (ι)
513 2332 631 2367 Codd.
652 2331 743 2377 Reg.
772 2332 853 2365 Par.
874 2329 967 2377 5924
984 2339 1021 2366 et
1045 2331 1260 2368 Vindobon.
1283 2344 1346 2365 110
1374 2348 1378 2364 z
1404 2344 1599 2377 carumque
1616 2331 1677 2364 ibi.
1700 2331 1804 2364 Han—

395 2407 473 2428 nov.
496 2406 647 2439 eamque
666 2392 726 2425 ilai.
748 2392 909 2426 Nuenar.
929 2404 1048 2426 comes
1067 2392 1295 2439 :sanumque
1317 2392 1375 2425 ibi.

438 2464 487 2506 (2)
513 2460 584 2495 All.
613 2459 784 2496 Grsmda,
812 2458 934 2492 Gansl.

440 2529 491 2569 (3)
521 2529 667 2562 Frchcr.
695 2528 900 2561 Cumzanci.
917 2526 1045 2560 Annal.
1065 2527 1202 2561 Bcrtin.
1229 2528 1442 2561 ‹Janzmzcus
1458 2527 1640 2569 princeps.
1663 2523 1801 2557 Chron,

397 2590 521 2621 <amn
550 2588 729 2620 {baneam
746 2588 929 2631 princeps.

444 2657 487 2695 ''4ss
522 2656 673 2689 'x'umuw
698 2667 815 2688 (minvs
834 2661 868 2686 vt
895 2654 1040 2688 Froben:
1065 2655 1199 2687 ,almilm
