1924 3183
568 405 999 470 ANNALES
1061 403 1682 471 FRANCORUM.

654 698 947 747 PIPPINUS
982 698 1064 745 ET
1100 694 1603 755 KARLOMANNUS.

1002 842 1247 888 DCCXLI.

492 968 592 1013 Hoc
617 983 744 1012 anno
768 965 967 1011 Karolus
1002 967 1151 1028 major
1190 965 1357 1010 domus
1394 963 1519 1009 diem
1550 961 1696 1019 obiit,
1740 971 1832 1009 tres

429 1044 550 1090 filios
588 1042 779 1089 heredes
822 1041 1119 1106 relinquens,
1163 1040 1541 1088 Karlomannum
1581 1039 1757 1086 scilieet
1787 1050 1833 1085 et

429 1122 684 1185 Pippinum
706 1131 846 1184 atque
863 1118 1138 1175 Grifonem,
1166 1135 1373 1183 quorum
1397 1116 1558 1171 Grifo‚
1587 1118 1668 1182 qui
1695 1126 1835 1163 caete-

430 1199 493 1244 ris
517 1199 676 1243 minor
699 1207 814 1242 natu
852 1208 949 1243 erat
966 1232 979 1253 ,
1006 1206 1203 1242 matrem
1233 1194 1398 1241 habuit
1420 1196 1615 1243 nomine
1641 1195 1836 1242 SWana-

430 1275 605 1323 hildem
634 1276 702 1337 (l)
731 1284 922 1338 neptem
949 1274 1168 1320 Odilonis
1197 1274 1326 1320 ducis
1353 1274 1693 1336 Bajoariorum.
1725 1274 1836 1319 Haec

432 1352 566 1398 illum
581 1351 789 1415 maligno
810 1351 1010 1397 consilio
1030 1351 1100 1414 (2)
1120 1351 1176 1397 ad
1196 1368 1325 1414 spem
1348 1351 1492 1397 totius
1515 1351 1649 1415 regni
1673 1350 1838 1397 conci—

432 1429 572 1485 tavit,
608 1429 656 1473 in
693 1437 906 1482 tantum,
936 1437 988 1472 ut
1028 1427 1127 1474 sine
1161 1426 1388 1474 dilatione
1419 1427 1699 1472 Laudunum
1722 1426 1839 1472 civi-

435 1517 577 1552 tatem
603 1515 881 1569 occuparet,
914 1522 965 1550 ac
991 1504 1167 1551 bellum
1203 1504 1431 1550 fratribus
1465 1503 1709 1550 indiceret.
1745 1503 1836 1564 Qui

435 1583 648 1629 celeriter
665 1582 874 1628 exercitu
894 1581 1093 1628 collecto
1118 1581 1397 1628 Laudunum
1416 1581 1685 1629 obsidentes
1700 1617 1710 1637 ,
1739 1580 1839 1626 fra-

437 1670 558 1705 trem
592 1660 639 1704 in
669 1659 901 1705 ditionem
926 1659 1189 1721 accipiunt,
1229 1669 1368 1722 atque
1406 1658 1515 1704 inde
1548 1658 1602 1704 ad
1637 1674 1837 1722 regnum

436 1735 751 1782 ordinandum
785 1753 837 1780 ac
860 1736 1152 1798 provincias,
1191 1753 1297 1800 quae
1331 1746 1437 1799 post
1469 1747 1670 1782 mortem
1697 1736 1841 1798 patris

439 1832 458 1857 a
481 1813 773 1859 Francorum
797 1812 1016 1858 societate
1035 1812 1347 1868 desciverant,
1375 1811 1712 1875 recuperandas
1736 1811 1842 1856 ani-

438 1907 541 1936 mos
563 1889 821 1935 intendunt
848 1890 934 1951 (5).
965 1890 1028 1934 Et
1055 1899 1108 1933 ut
1138 1889 1186 1934 in
1213 1899 1405 1936 externa
1429 1888 1689 1953 profecturi
1713 1887 1841 1934 domi

441 1968 598 2013 omnia
631 1977 729 2012 tuta
761 1966 1082 2021 dimitterent,
1116 1966 1463 2012 Karlomannus
1501 1965 1751 2012 Grifonem
1776 1982 1844 2009 su-

440 2061 589 2099 mens,
611 2044 658 2089 in
680 2043 1042 2090 Novo-castello
1057 2078 1068 2098 ,
1089 2042 1218 2107 quod
1230 2045 1360 2106 juxta
1377 2042 1681 2089 Arduennam
1701 2042 1844 2087 situm

443 2132 511 2166 est
530 2156 542 2176 ,
572 2120 797 2166 custodiri
822 2119 935 2165 feeit
951 2155 963 2175 ‚
995 2120 1039 2164 in
1063 2137 1153 2183 qua
1184 2119 1391 2166 custodia
1417 2137 1563 2183 usque
1581 2119 1637 2164 ad
1662 2129 1845 2182 tempus

442 2213 538 2260 quo
564 2195 685 2242 idem
704 2196 1051 2241 Karlomannus
1076 2196 1273 2242 Romam
1296 2195 1535 2259 profectus
1559 2206 1650 2251 est,
1673 2195 1846 2240 dicitur

443 2274 765 2337 permansisse.

489 2430 623 2475 (1)Al!.
648 2429 879 2471 Szmnielzz'ld,
903 2428 1181 2462 Swanilzildem.

492 2493 539 2535 ζῇ)
553 2491 721 2536 illaligna
740 2490 889 2523 consilio
916 2488 1015 2523 deest
1034 2501 1090 2534 ap.
1112 2488 1261 2529 Frcher,
1286 2488 1329 2521 D.
1349 2487 1461 2533 Bonq.
1479 2494 1513 2520 ct
1533 2487 1620 2520 alios
1634 2487 1721 2521 edit.

488 2550 536 2594 (ἦ)
559 2551 607 2583 lta
629 2550 715 2593 logis,
739 2549 909 2583 Portzius,
929 2569 962 2571 υ
995 2548 1170 2581 Frchcrus
1188 2554 1308 2581 autem
1323 2575 1330 2586 ,
1360 2547 1401 2579 D.
1426 2547 1535 2591 Bouq.
1558 2553 1593 2580 ct
1621 2545 1679 2579 alii
1700 2547 1757 2579 liic
1782 2546 1846 2579 ha*-

448 2610 528 2641 'm-nt
557 2625 560 2627 “
586 2611 618 2641 m
640 2608 809 2641 (liliomvm
831 2610 1011 2651 arripiam!
1031 2614 1137 2652 almer
1162 2606 1213 2640 ad
1230 2618 1286 2641 ea.
1314 2618 1407 2649 quw.
1433 2631 1437 2636 .
1460 2632 1464 2636 .
1490 2633 1493 2636 Α
1519 2633 1522 2637 ,
1548 2632 1552 2637 .
1581 2632 1585 2636 .
1608 2633 1611 2636 .
1644 2604 1847 2649 recipienda

445 2671 579 2701 mamm
610 2667 806 2701 intrudunt
