2043 3193
510 147 529 181 7
538 144 559 180 4
845 142 967 180 VITA
998 141 1187 179 KAROLI
1219 140 1579 178 IMPERATORIS.

508 245 606 274 uno
637 226 754 291 pede
780 227 1062 274 claudicaret
1092 228 1181 291 (1).
1208 228 1269 272 Et
1296 236 1410 272 tunc
1441 224 1632 290 quidem
1664 224 1797 288 plura
1831 241 1915 271 suo

509 303 742 349 arbitratu
774 321 918 368 quam
952 304 1247 350 medicorum
1286 301 1486 349 consilio
1519 299 1718 347 faciebat
1738 336 1751 357 ‚
1798 318 1916 365 quos

509 398 629 445 pene
665 397 829 427 exosos
862 380 1088 437 habebat,
1126 379 1255 445 quod
1289 380 1328 427 ei
1364 380 1411 425 in
1444 377 1560 425 cibis
1592 396 1711 435 assa,
1746 376 1918 442 quibus

509 468 716 506 assuetus
751 469 874 516 erat,
909 459 1175 516 dimittere,
1216 468 1262 504 et
1300 457 1432 505 elixis
1466 473 1724 503 assuescere
1756 454 1920 502 suade-

513 537 644 583 bant.
673 536 997 584 Exercebatur
1018 536 1197 583 assidue
1226 534 1483 600 equitando
1504 534 1577 599 (2)
1602 551 1653 580 ac
1676 532 1917 587 venando,

511 615 642 680 quod
668 615 735 662 illi
767 616 838 678 (5)
863 615 1160 680 gentilicium
1185 624 1310 671 erat;
1345 614 1454 677 quia
1479 612 1559 658 vix
1588 611 1682 657 ulla
1709 611 1759 656 in
1786 610 1921 657 terris

512 693 645 739 natio
670 693 913 739 invenitur
936 692 1031 755 (4),
1055 709 1161 756 quae
1183 692 1231 736 in
1255 690 1339 736 hac
1362 701 1462 736 arte
1482 690 1553 752 (5)
1568 687 1758 734 Francis
1775 687 1924 750 possit

513 771 708 834 (equari.
736 769 1068 816 Delectabatur
1092 770 1232 815 etiam
1257 767 1511 832 vaporibus
1533 784 1762 831 aquarum
1786 776 1926 810 natu-

514 848 678 894 raliter
709 847 991 904 calentium,
1026 847 1266 912 frequenti
1293 856 1457 893 natatu
1481 862 1652 909 corpus
1676 861 1896 891 exercens
1911 878 1922 898 ,

516 927 647 988 cujus
666 925 782 972 adeo
802 925 984 988 peritus
1006 924 1127 981 fuit,
1155 934 1209 970 ut
1237 924 1396 970 nullus
1415 924 1453 970 ei
1473 925 1599 987 juste
1619 922 1770 968 valeat
1792 931 1926 968 antc-

514 1001 647 1049 ferri.
675 1003 748 1049 Ob
774 1002 863 1049 hoc
887 1003 1030 1049 etiam
1052 1002 1334 1067 Aquisgrani
1363 1002 1541 1064 regiam
1564 999 1797 1055 extruxit,
1833 998 1928 1044 ibi-

516 1095 609 1142 que
628 1080 852 1126 extremis
874 1080 985 1125 vitae
1005 1079 1140 1124 annis
1158 1095 1306 1143 usque
1322 1077 1378 1124 ad
1395 1077 1583 1124 obitum
1600 1076 1834 1140 perpetim
1852 1074 1928 1138 (6)

518 1155 764 1203 habitavit.
804 1157 869 1202 Et
904 1173 1003 1202 non
1041 1156 1196 1202 solum
1230 1156 1354 1202 filios
1389 1155 1446 1201 ad
1478 1154 1724 1210 balneum,
1766 1169 1931 1199 verum

517 1234 767 1297 optimates
803 1244 848 1280 et
881 1234 1082 1290 amicos,
1122 1232 1376 1297 aliquando
1416 1233 1559 1278 etiam
1594 1231 1850 1277 satellitum
1885 1238 1932 1275 et

519 1311 769 1358 custodum
793 1312 1007 1375 corporis
1027 1312 1101 1375 (7)
1129 1311 1318 1357 turbam
1334 1347 1346 1367 ‚
1372 1311 1613 1366 invitavit,
1647 1311 1708 1355 ita
1730 1320 1784 1355 ut
1812 1325 1931 1354 non-

519 1405 767 1452 nunquam
803 1399 996 1435 centum
1028 1389 1098 1435 vel
1131 1405 1188 1435 eo
1216 1388 1418 1452 amplius
1443 1387 1659 1436 homines
1692 1403 1786 1432 una
1818 1386 1939 1431 lava-

519 1475 689 1511 rentur
709 1465 800 1529 (8).

588 1617 772 1664 XXIII.
811 1619 998 1668 Vestitu
1018 1620 1092 1683 (9)
1135 1620 1291 1684 patrio
1305 1655 1318 1677 ‚
1357 1619 1405 1665 id
1440 1629 1509 1665 est
1542 1618 1775 1664 francisco
1799 1617 1932 1679 (10),

524 1694 763 1742 utebatur.
792 1697 863 1742 Ad
890 1714 1062 1760 corpus
1090 1698 1275 1743 camisia
1297 1697 1420 1744 linea
1440 1707 1486 1743 et
1503 1694 1807 1743 feminalibus
1827 1695 1869 1757 (ι
1890 1694 1934 1756 1)

523 1772 660 1819 lineis
678 1772 964 1820 induebatur
976 1793 988 1831 ;
1011 1774 1181 1821 deinde
1201 1775 1359 1821 tunica
1375 1793 1482 1839 quae
1500 1772 1650 1820 limbo
1664 1773 1813 1819 serico
1833 1789 1937 1817 am·-

570 1996 620 2040 (1)
646 1995 717 2030 All.
745 1995 989 2040 claudicarat,
1017 1997 1268 2041 claudicabat,
1299 1997 1530 2032 claudicavit.
1558 2017 1603 2022 —
1627 1996 1683 2032 Cf.
1706 1996 1807 2031 Suet.
1837 1995 1933 2041 Aug.

526 2066 557 2087 c.
577 2054 634 2088 80.

571 2115 622 2158 (2)
649 2114 706 2148 Cf.
727 2114 827 2149 Suet.
851 2114 925 2148 Tit.
947 2127 979 2148 c.
998 2114 1032 2150 5.

573 2171 623 2218 (5)
649 2173 740 2207 Cod.
759 2173 972 2209 Vindobon.
993 2174 1060 2222 667
1081 2192 1087 2209 z
1110 2178 1152 2210 ei.

574 2233 623 2277 (4)
650 2232 705 2267 Id.
727 2233 807 2267 cod.
829 2236 1044 2280 repperitur.

573 2291 623 2338 (5)
650 2293 809 2328 Nuenar.
829 2306 949 2328 comes
965 2310 971 2328 z
993 2297 1028 2329 in
1047 2295 1115 2329 ltac
1134 2308 1182 2328 re.

576 2350 625 2396 (6)
652 2351 705 2385 Id.
727 2353 910 2387 continuo.

574 2413 622 2459 (7)
650 2411 704 2445 Id.
727 2414 888 2458 corporis·
905 2412 1056 2446 omittit.

575 2471 625 2516 (8)
651 2470 708 2505 Cf.
728 2471 829 2505 Suet.
852 2471 926 2505 Tit.
949 2483 979 2506 c.
997 2471 1029 2506 8.

576 2531 627 2575 (9)
653 2530 710 2564 Cf.
731 2530 830 2564 Suet.
851 2531 948 2576 Aug.
969 2530 1031 2573 82,
1053 2537 1089 2565 et
1108 2530 1224 2576 Calig.
1245 2528 1302 2564 5¹2.

578 2589 651 2632 (ιω)
676 2588 746 2622 ΛΠ.
758 2588 912 2634 francio
926 2588 1131 2635 ‚fiaucica

581 2646 607 2685 (ι
623 2648 652 2687 1)
677 2647 767 2680 Cod.
789 2647 880 2691 Reg.
901 2649 1010 2682 1³³1·st
1034 2647 1121 2695 4955
1144 2647 1411 2693 :fivnm'alilms
