1924 3183
432 188 502 223 170
1009 177 1250 215 RAROLUS.

429 271 607 336 magnis
622 266 899 314 muneribus
918 267 963 312 111
985 265 1091 311 villa
1118 264 1429 310 Wirciniaco.
1467 264 1617 322 Quem
1636 273 1680 310 et
1704 264 1831 311 beni-

428 366 519 413 gne
541 347 611 411 (1)
639 344 864 408 suscepit,
892 353 938 389 et
963 339 1241 387 muneribus
1263 339 1494 387 donatum
1527 339 1576 385 in
1611 339 1832 386 ducatum

429 442 565 471 suum
586 423 783 470 remisit.
809 423 910 485 Ipse
935 421 1096 465 animo
1113 417 1168 463 ad
1191 416 1468 464 Saxonieam
1488 416 1834 480 expeditionem

432 505 645 558 intento,
667 499 864 545 Duriam
887 497 1017 544 venit
1030 532 1043 553 ,
1067 493 1323 559 habitoque
1339 496 1473 559 juxta
1494 511 1678 541 morem
1695 511 1836 558 gene-

431 581 517 626 rali
545 589 814 634 conventu,
840 578 1056 622 Hrenum
1082 575 1132 619 in
1162 591 1217 620 eo
1241 573 1348 619 1000
1374 572 1455 637 qui
1479 572 1737 636 Lippeham
1764 573 1836 635 (2)

432 668 654 715 vocatur,
681 673 789 701 cum
819 653 1027 700 exercitu
1063 651 1260 715 trajecit.
1297 650 1383 695 Cui
1413 667 1521 696 cum
1551 650 1755 696 Saxones
1791 650 1839 695 in

434 734 641 799 quodam
662 732 770 778 1000
786 730 866 795 qui
888 727 1125 776 Buocholt
1145 729 1216 791 (ὅ)
1235 737 1456 784 vocatur,
1473 743 1590 771 vana
1613 743 1693 789 spe
1712 725 1840 771 ducti

434 813 648 859 resistere
687 817 997 872 temptarent,
1038 806 1159 869 pulsi
1197 805 1441 871 fugatique
1482 814 1609 850 sunt.
1655 803 1720 848 Et
1760 819 1842 849 rex

436 889 780 937 Westfalorum
813 886 1058 950 regionem
1085 881 1346 949 ingressus,
1384 899 1547 930 omnes
1581 898 1658 929 eos
1699 882 1749 926 in
1771 879 1844 927 de-

435 968 669 1015 ditionem
700 964 895 1028 aceepit.
932 962 1045 1009 Inde
1069 961 1124 1007 ad
1161 962 1406 1008 Wisuram
1442 960 1656 1020 veniens,
1684 958 1845 1004 castris

435 1045 598 1110 positis
635 1043 684 1088 in
718 1042 824 1088 1000
849 1040 1045 1087 nomine
1068 1037 1307 1084 Midufulli
1345 1039 1443 1101 (4),
1471 1037 1635 1082 stativa
1666 1053 1749 1100 per
1772 1034 1847 1080 ali-

438 1133 557 1188 quot
594 1122 690 1167 dies
725 1119 906 1165 habuit.
935 1117 1006 1163 lbi
1035 1115 1255 1180 Angrarii
1290 1115 1357 1178 (5)
1383 1125 1430 1161 et
1454 1114 1619 1161 Ostfali
1656 1113 1847 1159 venien-

441 1213 507 1248 tes
519 1237 532 1258 ‚
566 1210 612 1247 et
646 1196 831 1246 obsides
869 1195 1126 1251 dederunt,
1155 1205 1201 1241 et
1239 1203 1525 1240 sacramenta
1547 1194 1845 1256 juraverunt.

442 1276 625 1337 Quibus
659 1274 889 1339 peractis,
920 1290 1003 1318 rex
1032 1281 1160 1316 trans
1196 1272 1414 1317 Hrenum
1446 1269 1502 1315 ad
1525 1269 1849 1316 wormaciam

442 1355 680 1401 civitatem
706 1352 752 1397 in
773 1348 970 1396 hiberna
993 1348 1065 1412 (6)
1087 1365 1133 1394 se
1152 1347 1346 1412 recepit.

984 1487 1311 1534 DCCLXXX.

506 1599 642 1654 Inde,
677 1614 785 1643 011111
810 1597 1018 1660 primum
1044 1594 1272 1658 temporis
1297 1594 1631 1657 opportunitas
1651 1591 1854 1639 arridere

447 1680 539 1724 visa
564 1686 658 1732 est,
686 1676 859 1722 iterum
883 1691 991 1719 011111
1017 1689 1189 1737 magno
1223 1672 1435 1719 exercitu
1466 1672 1720 1718 saxoniam
1742 1688 1856 1736 pro-

444 1757 594 1804 fectus
635 1764 731 1810 est,
772 1752 1097 1816 transiensque
1132 1768 1217 1815 per
1253 1761 1454 1796 castrum
1490 1750 1560 1814 (7)
1601 1748 1857 1796 AEresbur-

447 1851 583 1898 gum,
605 1830 661 1877 acl
679 1831 863 1877 fontem
885 1829 1066 1892 Lippiae
1088 1828 1237 1884 venit,
1263 1826 1344 1873 ubi
1372 1837 1519 1872 eastra
1538 1836 1756 1881 metatus,
1774 1842 1857 1889 per

450 1911 636 1974 aliquot
671 1907 768 1953 dies
805 1917 1018 1953 moratus
1053 1916 1138 1951 est.
1181 1904 1294 1950 Inde
1325 1904 1381 1949 ad
1425 1905 1658 1950 orientem
1691 1903 1858 1950 itinere

451 2002 706 2042 converso,
734 1984 790 2030 ad
814 1984 1047 2030 ovacrum
1072 1982 1270 2028 fluvium
1294 1982 1502 2028 accessit.
1534 1981 1621 2027 Cui
1654 1999 1761 2027 cum
1794 1980 1858 2026 ibi

451 2082 615 2112 omnes
638 2062 943 2110 orientalium
966 2060 1173 2124 partium
1197 2061 1430 2118 Saxones,
1457 2070 1509 2106 ut
1529 2064 1751 2124 jusserat,
1781 2077 1858 2107 oc-

453 2141 711 2187 currissent
729 2177 739 2196 ,
784 2138 985 2183 maxima
1033 2154 1200 2183 eorum
1246 2136 1504 2183 multitudo
1547 2137 1595 2182 in
1635 2136 1743 2184 loco
1777 2137 1858 2200 qui

498 2339 547 2382 (1)
573 2334 663 2371 Cod.
688 2335 795 2368 Trev.
814 2340 849 2367 et
869 2333 1029 2367 Nuenar.
1050 2344 1143 2366 com.
1166 2345 1273 2378 quem
1294 2332 1566 2378 benignissime.

502 2396 550 2440 (2)
578 2393 649 2429 All.
670 2392 879 2439 Lippehan,
902 2391 1093 2437 Lipphean
1108 2420 1115 2433 ‚
1136 2391 1328 2437 Lippiam,
1349 2391 1495 2436 Lippia.

504 2453 555 2498 (3)
581 2453 638 2488 Al.
657 2452 827 2486 Buclzolt.

503 2514 552 2557 (4)
578 2510 649 2546 All.
670 2510 891 2556 ffiIedufulli,
910 2508 1127 2555 lvudzgsulli.

507 2570 554 2615 (5)
581 2570 651 2605 All.
669 2571 849 2615 Augurii,
868 2569 1033 2615 Aug-emy-
1054 2568 1136 2603 cod.
1154 2568 1294 2602 Trevir.
1325 2567 1490 2612 [sugat-ii.

508 2630 555 2673 ³6)
583 2629 785 2663 Freherus:
811 2642 841 2662 c.
865 2628 1124 2675 Ιζγῖιενηαίιιηι,

512 2691 555 2735 5)
584 2689 623 2720 l)⁴
651 2689 762 2733 bouq.
786 2700 866 2721 cuin
890 2688 1005 2721 Num.
1032 2688 1155 2721 comit.
1173 2699 1290 2720 arcem
1306 2686 1572 2730 *E'resburgunr
