1924 3183
272 189 347 225 398
793 185 1165 224 HLUDOWICUS.

827 313 1176 360 DCCCXXIX.

341 422 452 467 Post
482 429 692 467 exactam
723 418 926 467 hiemem
963 421 1011 465 in
1050 421 1152 483 ipso
1186 431 1348 468 sancto
1380 421 1692 487 Quadragesi-

277 497 386 544 mali
422 496 605 560 jejunio
622 532 634 551 ‚
681 496 840 560 paucis
879 506 988 543 ante
1027 507 1242 542 sanctum
1283 498 1453 544 Pascha
1492 498 1657 547 diebus
1674 537 1689 559 ‚

278 575 560 641 Aquisgrani
590 585 731 622 terrae
756 584 914 622 motus
936 584 1085 622 noctu
1108 574 1281 631 factus,
1308 586 1569 641 ventusque
1594 588 1692 624 tam

279 654 531 701 vehemens
555 663 771 709 coortus,
803 663 856 699 ut
879 671 978 700 non
1010 653 1167 702 solum
1192 653 1469 702 humiliores
1494 656 1661 703 domos
1677 692 1689 712 ,

279 748 446 778 verum
476 731 617 778 etiam
642 730 790 793 ipsam
813 740 986 776 sanctae
1016 730 1100 777 Dei
1136 730 1393 778 Genitricis
1423 731 1690 788 basilicam,

278 827 424 875 quam
448 809 686 873 Capellam
715 818 911 864 vocant,
947 809 1116 873 tegulis
1146 808 1379 873 plumbeis
1405 821 1603 867 tectam,
1639 828 1693 858 ex

279 899 413 952 parte
434 905 533 934 non
558 885 741 933 modica
763 886 1034 933 denudaret.
1059 889 1323 951 Imperator
1341 905 1454 935 vero
1475 889 1522 934 in
1543 889 1693 935 diver-

280 966 339 1012 sis
365 961 758 1028 occupationibus
782 979 930 1027 usque
954 963 1006 1009 ad
1041 963 1259 1009 kalendas
1278 964 1384 1027 julii
1419 966 1486 1028 (ι)
1523 965 1695 1029 Aquis-

279 1043 412 1108 grani
426 1051 656 1097 moratus,
679 1039 871 1108 tandem
885 1040 941 1086 ad
958 1041 1224 1105 generalem
1244 1052 1534 1089 conventum
1548 1043 1697 1089 Wor-

280 1121 437 1167 matiae
472 1118 742 1165 habendum
776 1135 886 1163 cum
925 1119 1155 1165 comitatu
1187 1135 1272 1166 suo
1303 1137 1463 1166 mense
1497 1131 1696 1185 augusto

280 1197 445 1244 statuit
480 1195 735 1259 proficisci.
775 1193 865 1241 Sed
903 1195 1179 1260 priusquam
1214 1196 1322 1243 inde
1357 1207 1693 1260 promoveret,

279 1275 508 1322 nuntium
543 1273 751 1336 accepit,
788 1271 1125 1320 Nordmannos
1160 1273 1278 1320 velle
1311 1273 1698 1320 Transalbianam

279 1351 497 1400 Saxoniae
521 1351 767 1414 regionem
791 1348 1033 1405 invadere,
1058 1360 1199 1415 atque
1222 1352 1484 1398 exercitum
1508 1369 1693 1408 eorum,

280 1430 362 1494 qui
385 1429 474 1475 hoc
497 1427 708 1473 facturus
731 1436 872 1483 esset,
896 1426 1072 1473 nostris
1097 1426 1272 1474 finibus
1292 1429 1693 1494 appropinquare.

282 1508 390 1568 Quo
414 1507 591 1552 nuntio
619 1514 910 1561 commotus,
938 1504 1068 1550 misit
1095 1505 1143 1550 in
1166 1521 1331 1552 omnes
1357 1506 1569 1551 Franciae
1594 1523 1700 1569 par·

283 1596 378 1645 tes,
411 1596 458 1631 et
482 1584 623 1648 jussit
648 1593 704 1628 ut
728 1600 836 1629 cum
862 1600 1042 1628 summa
1067 1581 1374 1631 festinatione
1404 1592 1501 1630 tota
1530 1583 1696 1647 populi

280 1665 350 1710 sui
377 1662 654 1728 generalitas
679 1662 747 1724 (2)
780 1671 886 1724 post
909 1677 956 1707 se
982 1661 1031 1707 in
1056 1661 1308 1708 Saxoniam
1330 1662 1540 1718 veniret,
1569 1661 1698 1708 indi-

281 1761 391 1790 cans
411 1740 550 1788 simul
567 1777 580 1798 ,
608 1740 728 1787 velle
751 1758 797 1787 se
816 1738 939 1804 apud
957 1739 1214 1787 Novesium
1235 1740 1309 1805 (3)
1331 1739 1487 1787 medio
1508 1739 1698 1786 circiter

273 1821 395 1884 julio
419 1821 638 1866 Hrenum
657 1818 875 1864 transire.
903 1817 995 1864 Sed
1018 1815 1099 1862 ubi
1120 1835 1236 1863 vana
1258 1834 1352 1864 esse
1372 1826 1693 1881 compererat,

282 1917 389 1964 quae
413 1898 470 1945 de
499 1895 823 1944 Nordmannis
845 1894 966 1941 fama
991 1894 1270 1959 disperserat
1295 1895 1396 1959 (4),
1422 1895 1544 1940 sicut
1565 1894 1697 1958 prius

281 1977 564 2041 dispositum
599 1973 827 2030 habebat,
859 1973 1016 2021 medio
1047 1990 1207 2020 mense
1241 1984 1439 2037 augusto
1466 1973 1698 2020 Worma-

284 2055 397 2100 tiam
418 2053 570 2108 venit,
594 2052 754 2116 ibique
774 2050 938 2098 habito
960 2050 1164 2115 generali
1186 2061 1451 2108 conventu,
1474 2060 1522 2098 et
1540 2049 1697 2098 oblata

283 2131 372 2178 sibi
396 2147 551 2177 annua
575 2129 700 2177 dona
719 2129 919 2175 solemni
939 2146 1074 2176 more
1095 2128 1164 2191 (5)
1190 2129 1392 2193 suscepit
1408 2163 1421 2185 ,
1444 2139 1491 2175 et
1509 2128 1696 2193 legatio-

283 2227 365 2256 nes
385 2207 611 2273 plurimas
625 2243 639 2265 ‚
660 2223 768 2272 quae
794 2216 890 2252 tam
912 2205 970 2253 de
994 2207 1143 2253 Roma
1163 2216 1209 2253 et
1232 2206 1531 2262 Benevento,
1553 2223 1697 2270 quam

284 2288 340 2334 de
357 2287 456 2333 aliis
476 2285 751 2350 longinquis
771 2284 909 2331 terris
933 2284 989 2330 ad
1009 2301 1116 2330 eum
1142 2295 1369 2331 venerant
1387 2319 1400 2341 ,
1428 2283 1606 2330 audivit
1627 2295 1698 2330 at-

332 2469 380 2512 (ι)
406 2466 524 2501 Codd.
540 2466 707 2500 Hannov.
728 2472 764 2498 et
784 2463 996 2499 Vindobon.
1017 2476 1087 2511 990
1105 2480 1110 2496 :
1132 2463 1184 2497 ad
1201 2463 1395 2497 Kalendas
1412 2463 1525 2497 Jum't'.

332 2528 379 2572 ἤν.)
406 2527 451 2569 D‚
466 2526 580 2571 Bouq.
602 2532 638 2559 ct
657 2525 817 2558 Nucnar.
836 2536 930 2557 com.
947 2523 1142 2557 multitudo
1160 2523 1404 2557 z'nSaoeom'am
1420 2550 1426 2555 .

334 2584 381 2630 (3)
407 2585 477 2619 All.
502 2585 746 2618 Novensimn.
771 2582 1023 2617 Nnvcmszwn..

332 2648 382 2687 (ἦ)
410 2646 451 2678 l).
471 2646 584 2691 Rouq.
602 2651 636 2677 ct
659 2645 777 2678 Nuen.
800 2655 892 2676 com.
915 2642 1081 2687 (Impetum
1097 2648 1193 2677 erat,
1220 2644 1308 2675 vicu!
1324 2642 1570 2674 (fortuitum-aff

334 2704 362 2736 '13
372 2715 377 2743 ,³
408 2706 567 2737 salmani
584 2717 679 2736 mot-c
700 2703 798 2736 {locst
817 2701 911 2747 apud
932 2701 1075 2735 cosdem
