2043 3193
478 138 796 178 TESTIMONIA*
825 136 894 176 DE
923 137 1208 178 EINHARDO.
1518 159 1549 193 c]

138 220 263 256 nivem
292 218 394 255 haud
423 219 616 257 modicam
643 219 827 257 decidisse
851 219 1048 269 cognovit,
1079 227 1115 256 ct
1141 234 1188 256 ne
1214 234 1281 271 per
1301 224 1456 274 vestigia
1477 237 1551 273 pe·-

137 281 226 318 ‹lum
240 282 407 319 virilium
426 283 577 334 agnitus
592 282 832 334 proderetur,
848 280 946 318 foras
962 281 1065 318 exire
1082 282 1209 318 timuit
1227 297 1236 318 :
1256 284 1463 336 ambosque
1486 300 1552 337 pro

135 344 367 382 conscientia
389 344 475 382 facti
501 346 670 383 anxietas
691 344 803 382 simul
824 352 860 381 et
888 342 1048 380 formido
1064 372 1074 390 ,
1107 345 1206 382 intus
1230 359 1425 385 remanere
1446 363 1552 386 com-

136 405 245 456 pulit.
284 406 455 459 Cumque
490 408 606 445 nimia
635 406 892 445 sollicitudine
920 405 1168 454 fluctuantes,
1204 409 1297 459 quid
1331 409 1428 448 facto
1459 427 1552 463 opus

134 477 230 507 esset
251 469 504 508 deliberarent
529 487 538 507 ι
568 471 722 508 tandem
746 470 1025 523 elegantissima
1043 471 1247 520 juvencula
1264 500 1273 516 ‚
1297 487 1410 523 quam
1432 476 1554 513 auda-

134 546 214 569 cem
235 532 394 571 faciebat
412 548 530 579 amor,
558 534 759 571 consilium
781 533 885 570 dedit
903 561 912 578 ,
934 541 977 570 ut
997 534 1077 585 ipsa
1096 534 1250 585 quidem
1272 549 1384 586 super
1404 550 1441 573 se
1461 539 1554 575 insi-—

134 596 287 634 dentem
305 597 486 635 inclinata
502 597 691 648 exciperet
704 626 713 643 ‚
735 610 897 648 eumque
913 611 1034 648 usque
1054 597 1103 634 ad
1119 598 1245 634 locum
1270 598 1370 636 illius
1391 599 1554 652 hospitio

132 660 375 713 contiguum,
399 668 485 698 ante
503 660 684 698 lucanum
704 660 943 712 deportaret,
964 661 1093 712 ibique
1116 676 1159 699 eo
1181 661 1351 713 deposito
1373 692 1382 710 ,
1405 678 1553 702 rursum

133 738 200 774 per
216 724 345 762 eadem
372 725 529 776 vestigia
547 725 693 762 cautius
715 725 928 770 observata,
956 723 1111 762 rediret.
1140 724 1232 762 Eam
1259 734 1409 764 noctem
1430 729 1554 779 impe—

133 796 246 834 rator,
266 788 410 834 divino,
429 797 469 825 ut
491 788 672 834 creditur,
696 797 805 836 nutu,
829 790 1042 826 insomnem
1061 788 1187 834 duxit,
1209 789 1444 841 diliculoque
1465 806 1556 829 con-

131 866 286 904 surgens
305 881 314 899 ,
338 853 561 903 eminusque
589 851 635 889 de
663 852 749 889 aula
779 852 1011 903 prospiciens
1030 880 1040 899 ,
1074 852 1234 890 intuitus
1262 862 1316 891 est
1342 854 1461 892 filiam
1485 856 1555 892 sub

130 914 283 966 praefato
299 929 412 952 onere
429 916 577 952 nutanti
599 929 729 967 gressu
749 915 812 951 vix
833 915 1027 960 incedere,
1049 923 1086 953 et
1105 915 1154 953 ad
1171 916 1389 954 condictum
1411 918 1550 963 locuni,

130 979 300 1031 deposita
329 994 443 1031 quam
465 980 634 1032 gestabat
655 980 802 1017 sarcina
820 1008 829 1025 ,
858 979 972 1016 celeri
994 980 1177 1031 repedare
1205 995 1376 1019 recursu.
1407 982 1555 1030 Quibus=

131 1043 248 1080 multo
274 1044 411 1081 intuito
440 1044 670 1095 perspectis,
706 1043 912 1094 imperator
943 1044 1079 1094 partim
1107 1044 1360 1083 admiratione
1378 1075 1387 1091 ,
1417 1049 1553 1098 partim

129 1105 257 1143 dolore
278 1114 494 1158 permotus,
515 1115 738 1144 nontamen
759 1106 902 1157 absque
919 1105 1050 1143 divina
1072 1107 1320 1158 dispositione
1338 1109 1376 1147 id
1396 1110 1476 1148 fieri
1498 1125 1555 1148 re-

128 1177 282 1220 putans,
303 1183 384 1207 sese
405 1170 617 1215 continuit,
640 1178 675 1207 ct
696 1170 772 1206 visa
797 1170 949 1206 interim
970 1169 1122 1207 silentio
1146 1173 1368 1222 suppressit.

183 1232 333 1270 Interea
354 1232 570 1270 Einhardus
597 1233 665 1269 sibi
687 1233 858 1269 conscius
882 1242 1081 1285 certusque
1111 1248 1191 1271 rem
1218 1235 1325 1272 nullo
1346 1237 1459 1275 modo
1484 1239 1554 1275 doae-

127 1297 274 1333 minum
309 1311 417 1333 suum
452 1310 579 1348 regem
617 1296 682 1333 diu
722 1296 836 1332 latere
873 1309 981 1346 posse
997 1324 1007 1341 ,
1045 1296 1196 1333 tandem
1231 1297 1329 1335 inter
1360 1301 1552 1351 angustias

128 1368 275 1411 reperto
296 1360 453 1396 consilio
467 1389 477 1406 ,
496 1361 762 1410 imperatorem
781 1358 1017 1410 aggreditur,
1040 1357 1197 1396 flexibus
1218 1360 1378 1412 genibus
1399 1364 1551 1400 missio—

128 1437 212 1460 nem
236 1423 430 1474 postulans
450 1452 460 1470 ,
494 1437 665 1460 asserens
689 1430 741 1460 tot
765 1431 801 1460 et
825 1422 938 1459 tantis
966 1422 1128 1460 servitiis
1149 1423 1224 1460 suis
1248 1423 1437 1477 condigna
1477 1441 1551 1464 non

126 1486 282 1537 rependi
300 1488 466 1538 praemia.
486 1486 558 1523 His
572 1487 712 1524 auditis
725 1515 735 1531 ,
755 1499 819 1523 rex
836 1485 1073 1522 dissimulato
1095 1487 1146 1522 rei
1164 1494 1200 1522 et
1219 1496 1357 1524 eventu
1371 1497 1407 1526 et
1428 1492 1546 1535 exitu,

126 1549 192 1587 diu
217 1551 412 1588 conticuit.
435 1549 583 1587 Dehinc
607 1563 694 1587 eum
717 1549 929 1586 certificans
946 1577 956 1595 ,
985 1563 1023 1585 se
1047 1549 1293 1600 postulationi
1314 1554 1396 1601 ejus
1421 1568 1549 1605 quan—

123 1613 244 1651 tocius
275 1628 543 1666 responsurum
560 1643 569 1660 ,
593 1614 693 1652 diem
723 1615 942 1660 constituit,
978 1614 1179 1665 statimque
1210 1616 1444 1655 consiliarios
1470 1621 1550 1670 pri-

125 1691 279 1729 mosque
309 1679 365 1714 sui
394 1678 501 1730 regni
534 1686 570 1715 et
594 1686 744 1715 caeteros
768 1691 938 1729 quosque
960 1677 1028 1714 sibi
1051 1677 1274 1725 familiares,
1298 1681 1437 1731 passim
1455 1696 1547 1720 evo—

123 1749 247 1785 cat05‚
281 1742 485 1779 convenire
505 1742 628 1792 jussit.
664 1741 901 1793 Congregata
931 1741 1056 1792 itaque
1085 1743 1284 1794 magnilica
1312 1744 1546 1784 diversarum

123 1804 349 1857 dignitatum
371 1804 600 1856 frequentia,
619 1806 666 1842 ita
688 1819 840 1843 exorsus
861 1813 915 1842 est
940 1821 949 1842 :
976 1824 992 1838 ιι
1016 1804 1304 1857 Imperatoriam
1320 1837 1328 1851 ‚
1353 1809 1543 1861 inquiens,

124 1887 140 1901 ιι
168 1869 403 1918 majestatem
429 1869 544 1906 nimis
567 1869 786 1918 injuriatam
811 1882 889 1906 esse
910 1876 946 1905 et
967 1867 1183 1920 despectam
1212 1870 1250 1907 in
1285 1871 1442 1924 indigna
1473 1889 1545 1911 sua·

126 1950 142 1964 ιι
169 1931 250 1967 filiae
271 1932 484 1983 notariique
503 1933 558 1969 sui
583 1932 824 1983 copulatione
844 1940 879 1969 et
902 1931 1040 1969 exinde
1063 1946 1137 1968 non
1160 1933 1339 1971 mediocri
1364 1950 1442 1974 sese
1459 1941 1543 1990 agi—

126 2012 142 2027 «
166 1994 237 2030 tari
272 1995 568 2045 perturbatione.
603 2013 620 2028 »
652 1995 799 2043 Quibus
835 1996 951 2032 nimia
985 2003 1137 2047 stupore
1165 1999 1377 2047 percussiS,
1408 2001 1454 2037 dc
1491 2003 1541 2039 rei

122 2058 288 2095 novitate
311 2072 353 2094 ac
378 2059 642 2110 magnitudine
668 2058 898 2110 quibusdam
919 2058 1043 2096 adhuc
1064 2060 1362 2112 ambigentibus,
1392 2077 1456 2100 rex
1483 2067 1542 2101 in-

122 2125 244 2162 notuit
259 2125 312 2162 eis
329 2125 557 2172 evidentius,
573 2125 736 2164 referens
750 2128 802 2163 eis
817 2141 837 2164 a
857 2126 1065 2178 primordio
1079 2156 1088 2173 ,
1106 2127 1197 2178 quid
1215 2143 1281 2179 per
1296 2133 1538 2183 semetipsum

120 2188 266 2225 oculata
289 2188 362 2226 fide
386 2190 627 2240 cognoverit,
659 2191 933 2242 consiliumque
957 2205 1086 2227 eorum
1108 2205 1152 2228 ac
1178 2195 1403 2231 sententiam
1427 2210 1533 2247 supet

121 2250 189 2287 hoc
221 2251 478 2302 expostulans.
511 2253 557 2288 At
592 2252 648 2289 illi
693 2253 789 2289 inter
821 2266 860 2290 se
887 2252 1024 2290 diversi
1060 2253 1205 2291 diversa
1241 2258 1465 2301 sentientes,
1501 2262 1535 2296 in

119 2324 400 2365 praesumtorem
421 2315 532 2366 hujus
553 2317 606 2352 rei
632 2315 744 2353 duras
761 2325 798 2354 et
817 2317 940 2353 varias
957 2316 1095 2353 dedere
1116 2320 1337 2365 sententias,
1358 2321 1440 2358 aliis
1457 2324 1536 2359 sine

119 2378 293 2429 exemplo
307 2378 561 2429 puniendum,
578 2377 660 2415 aliis
677 2378 791 2415 exilio
811 2377 1071 2416 damnandum
1088 2408 1098 2424 ‚
1121 2380 1202 2416 aliis
1221 2381 1294 2418 alio
1315 2384 1427 2421 modo
1456 2385 1535 2422 dis-

120 2440 355 2491 perdendum
369 2471 378 2488 ,
403 2450 444 2479 ut
463 2442 599 2493 cuique
621 2442 781 2492 impetus
801 2450 880 2479 erat
899 2441 1221 2492 adjudicantibus.
1246 2443 1361 2482 Porro
1381 2448 1535 2498 quidam

118 2517 166 2542 ex
186 2505 238 2541 eis
267 2513 372 2542 tanto
398 2505 578 2550 mitiores,
609 2504 739 2542 habita
772 2517 900 2542 secum
934 2504 1221 2556 deliberatione,
1257 2522 1371 2559 quam
1403 2512 1533 2550 intime

120 2581 245 2619 regem
267 2582 487 2615 exoravere,
506 2569 684 2620 quatinus
707 2569 786 2620 ipse
806 2582 884 2605 rem
906 2581 972 2619 per
986 2569 1229 2619 semetipsum
1250 2574 1481 2621 examinare,
1500 2587 1535 2614 et

120 2630 328 2668 secundum
363 2631 544 2670 divinitus
579 2631 612 2669 ei
647 2631 823 2669 collatam
847 2631 1072 2682 sapientiam
1098 2631 1260 2672 diffinire
1297 2637 1527 2689 dignaretur.

121 2692 262 2730 'Verum
292 2694 356 2731 ubi
381 2709 449 2733 rex
470 2696 706 2747 singulorum
728 2695 825 2732 circa
846 2709 884 2733 se
907 2694 1082 2732 affectum
1106 2697 1355 2745 ponderavit,
1379 2711 1412 2739 et
1437 2704 1530 2740 intei-
