1924 3183
378 153 456 190 348
896 154 1269 194 HLUDOWICUS.

377 237 677 295 Hludowici,
705 240 1041 306 lrmingardim
1062 242 1152 305 (1),
1182 243 1395 307 Hugonis
1423 246 1609 291 comitis
1627 246 1794 302 filiam?

376 316 579 363 solemni
609 333 744 364 more
769 317 906 365 duxit
933 337 1153 367 uxorem.
1184 320 1302 367 Illuc
1328 322 1471 368 etiam
1496 322 1634 387 legati
1664 342 1801 370 sanc-

376 405 439 440 tae
470 395 697 442 Romanae
727 396 952 445 Ecclesiae
979 398 1073 461 (2),
1100 397 1385 446 Theodorus
1419 401 1716 464 primicerius
1749 420 1801 447 ac

375 472 545 518 Florus
574 473 802 537 superista
829 477 898 539 (ὅ)
913 512 926 533 ,
962 494 1072 522 cum
1101 478 1282 541 magnis
1307 495 1477 526 venere
1502 480 1798 526 muneribus.

376 549 638 598 Affuerunt
659 563 705 599 et
728 555 924 601 comites
951 555 1001 601 in
1028 554 1195 602 eodem
1221 566 1463 603 conventu
1482 559 1581 620 jam
1604 556 1661 604 de
1681 558 1802 602 Pan-

377 629 524 676 nonia
548 632 770 694 regressi,
792 633 904 697 qui,
931 632 1214 697 depopulata
1240 633 1540 681 desertorum
1565 644 1612 681 et
1635 634 1804 681 Liude-

377 709 496 756 wito
522 707 870 757 adhaerentium
900 712 1116 759 universa
1149 712 1372 777 regione,
1409 730 1519 758 cum
1549 712 1708 758 nullus
1740 713 1803 759 eis

378 784 555 833 ibidem
597 787 782 850 copiam
823 789 1066 852 pugnandi
1109 789 1322 847 fecisset,
1369 789 1568 836 domum
1607 790 1801 853 regressi

376 874 506 910 sunt.
535 865 756 911 Eminuit
781 866 830 911 in
852 865 942 913 hoc
966 866 1142 930 placito
1166 868 1363 932 piissimi
1389 868 1688 933 imperatoris
1712 868 1806 912 mi-

378 942 630 989 sericordia
667 943 944 1008 singularis,
979 961 1123 1008 quam
1162 945 1372 992 ostendit
1406 963 1547 1009 super
1582 961 1686 1000 eOS‚
1721 945 1803 1008 qui

378 1034 487 1063 cum
515 1018 795 1066 Bernhardo
822 1030 997 1084 nepote
1029 1038 1114 1068 suo
1149 1021 1198 1066 in
1228 1022 1359 1067 Italia
1388 1031 1555 1068 contra
1587 1032 1728 1084 caput
1753 1039 1804 1065 ac

377 1114 580 1159 regnum
607 1115 745 1143 suum
771 1101 1168 1162 conjuraverunt,
1196 1098 1369 1163 quibus
1400 1099 1466 1144 ihi
1500 1099 1558 1145 ad
1590 1117 1806 1163 praesen-

377 1175 492 1220 tiam
517 1176 680 1222 venire
699 1177 837 1240 jussis
853 1213 865 1233 ,
893 1194 992 1223 non
1019 1177 1176 1223 solum
1199 1178 1347 1223 vitam
1372 1187 1418 1223 et
1443 1175 1654 1223 membra
1683 1194 1805 1223 con-

378 1251 539 1308 cessit,
556 1270 724 1298 verum
745 1253 883 1299 etiam
905 1254 1221 1318 possessiones
1234 1252 1417 1317 judicio
1437 1253 1549 1318 legis
1569 1254 1619 1299 in
1638 1253 1805 1300 fiscum

376 1326 584 1374 redactas
603 1347 773 1393 magna
792 1329 1076 1376 liberalitate
1095 1331 1322 1377 restituit.
1347 1329 1667 1376 Adalhardum
1687 1346 1806 1394 quo»

377 1423 469 1469 que
495 1406 551 1452 de
575 1406 857 1471 Aquitania,
892 1407 974 1453 ubi
1005 1407 1250 1465 exulabat,
1280 1419 1552 1464 evocatum,
1587 1407 1804 1456 Corbeiae

376 1485 688 1544 monasterio,
714 1495 767 1531 ut
789 1486 919 1549 prius
937 1485 1092 1532 fuerat
1105 1522 1118 1542 ,
1139 1485 1358 1533 abbatem
1382 1504 1433 1532 ac
1452 1497 1690 1533 rectorem
1710 1503 1805 1532 esse

371 1562 529 1624 jussit,
549 1580 657 1608 cum
672 1581 770 1628 quo
791 1574 837 1610 et
850 1563 1167 1610 Bernliarium
1182 1565 1273 1628 (4),
1291 1565 1490 1611 fratrem
1510 1566 1624 1627 ejus,
1640 1580 1806 1610 recon-

378 1638 591 1684 ciliatum
622 1639 774 1686 eidem
798 1642 1091 1688 monasterio
1115 1640 1348 1697 reddiclit;
1381 1641 1724 1705 completisque
1752 1640 1804 1685 iis

377 1733 485 1779 quae
499 1716 563 1763 ob
582 1718 713 1782 regni
732 1718 990 1766 utilitatem
1005 1721 1019 1771 (
1025 1720 1073 1782 5)
1092 1718 1416 1777 inchoaverat,
1432 1729 1477 1766 et
1491 1728 1801 1774 sacramento,

377 1794 508 1859 quod
541 1796 665 1859 apud
696 1796 1047 1862 Noviomagum
1077 1816 1185 1862 pars
1219 1798 1507 1861 optimatum
1536 1799 1801 1861 juraverat,

376 1872 662 1936 generaliter
692 1892 967 1921 consumma
977 1886 1024 1921 to
1040 1911 1052 1931 ,
1083 1875 1182 1938 ipse
1206 1874 1500 1940 Aquasgrani
1524 1874 1802 1929 revertitur,

378 1950 532 1996 filium
557 1962 714 1998 autem
740 1952 1072 2010 Hlotharium‚
1111 1964 1219 2017 post
1254 1954 1442 2018 nuptias
1475 1953 1574 1998 ritu
1603 1951 1803 1998 solemni

380 2028 662 2086 celebratas,
691 2031 747 2076 ad
773 2030 1077 2078 hiemandum
1098 2032 1430 2077 Wormaciam
1455 2031 1600 2076 misit.

444 2108 512 2153 De
536 2118 670 2170 parte
697 2109 949 2156 Danorum
973 2110 1133 2156 omnia
1157 2109 1315 2174 quieta
1341 2126 1396 2155 eo
1427 2125 1555 2155 anno
1578 2106 1800 2163 fuerunt,

427 2309 476 2354 (1)
503 2307 627 2343 Codex
644 2307 736 2355 ch.
757 2309 840 2343 Par.
862 2308 956 2356 5924
986 2326 990 2342 z
1024 2309 1335 2357 Irmengardam;
1359 2309 1441 2344 cod.
1462 2308 1676 2346 Vindobon.
1702 2319 1770 2354 990
1792 2322 1799 2340 z

389 2369 422 2401 Y
423 2370 514 2401 ι’)ηἱη
521 2367 692 2413 gardam.

427 2430 478 2471 (2)
504 2428 549 2461 D.
577 2427 692 2474 Bouq.
727 2440 810 2462 cum
838 2428 1026 2463 Nuenario
1056 2429 1189 2463 comite
1223 2445 1229 2462 :
1268 2429 1383 2474 legati
1412 2430 1571 2464 Romani
1598 2427 1801 2473 ροηίξῇειῖς,

387 2487 615 2522 Theodorus.

428 2546 480 2592 (5)
510 2549 702 2594 Superisla
720 2548 821 2582 deest
839 2561 896 2594 ap.
917 2548 1077 2582 cosdem.

427 2609 479 2650 (4)
504 2607 594 2642 Cod.
617 2608 772 2642 Lauriss.
796 2608 1081 2642 Ber-cultarz'um.

428 2666 475 2707 (ἦ)
506 2668 621 2702 Numi.
643 2682 735 2704 cmii.
757 2676 791 2702 vt
810 2669 853 2703 l).
874 2670 986 2714 Rouq.
1012 2671 1055 2704 sis
1071 2682 1154 2714 quw
1175 2669 1226 2702 ml
1240 2670 1346 2711 regui
