1924 3183
372 120 443 157 158
949 114 1196 153 KAROLUS.

917 242 1262 288 DCCLXXIII.

434 350 669 396 Adrianus
698 366 814 413 papa
844 366 953 394 cum
986 348 1289 394 insolentiam
1325 347 1553 394 Desiderii
1585 349 1706 413 regis
1737 362 1783 397 et

368 425 791 491 Langobardorum
806 425 1164 490 oppressionem
1180 424 1302 470 ferre
1315 441 1413 471 non
1430 435 1603 488 posset,
1620 425 1783 474 decre-

367 506 436 551 vit
482 514 535 551 ut
575 503 860 569 legationem
905 501 962 548 ad
1004 500 1238 548 Karolum
1284 518 1443 567 regem
1487 503 1781 550 Francorum

367 583 607 641 mitteret,
639 598 843 647 eumque
876 578 964 625 sibi
999 588 1140 645 atque
1163 580 1387 627 Romanis
1412 579 1630 627 adversus
1654 585 1783 628 Lan-

368 660 604 726 gobardos
638 677 780 724 opem
806 659 932 705 ferre
962 668 1151 723 rogaret
1175 658 1195 722 (
1209 659 1263 719 ι).
1294 659 1353 706 Et
1378 658 1486 723 quia
1523 658 1570 704 id
1595 668 1788 706 terreno

370 739 542 786 itinere
563 755 648 802 per
677 735 860 782 Italiam
896 734 997 782 fieri
1024 751 1125 781 non
1149 743 1365 797 poterat,
1391 733 1501 781 eum
1523 751 1666 799 quem
1691 735 1787 781 mi-

370 828 492 865 serat
528 817 763 881 legatum,
795 813 993 860 nomine
1026 813 1248 871 Petrum,
1275 813 1442 859 Romae
1468 830 1636 860 navem
1668 831 1790 862 con-

371 893 592 942 scendere
617 902 664 938 et
690 889 950 937 Massiliam
974 905 1122 953 usque
1144 905 1231 949 per
1249 906 1380 935 mare
1405 889 1490 947 ire,
1518 898 1660 954 atque
1683 889 1790 938 inde

372 981 566 1018 terreno
585 968 755 1014 itinere
777 966 824 1012 in
851 965 1099 1011 Franciam
1118 963 1234 1011 fecit
1255 965 1522 1029 pervenire.
1551 965 1644 1026 Qui
1681 984 1790 1013 cum

370 1048 427 1094 ad
449 1064 609 1112 regem
627 1046 675 1091 in
699 1042 961 1091 Theodone
984 1042 1095 1088 villa
1114 1043 1205 1107 (2),
1227 1041 1309 1090 ubi
1338 1053 1454 1089 tunc
1479 1042 1787 1103 hiemaverat,

370 1123 685 1188 pervenisset,
720 1131 767 1168 et
800 1120 841 1166 ei
878 1119 1127 1184 legationis
1165 1136 1261 1165 suae
1297 1136 1481 1165 causam
1505 1121 1790 1184 aperuisset,

368 1200 530 1248 eadem
544 1236 557 1256 ,
575 1216 668 1264 qua
690 1208 885 1245 venerat
898 1232 911 1253 ‚
934 1196 1008 1242 via
1025 1197 1227 1242 Romam
1247 1213 1482 1261 regressus
1502 1199 1569 1260 (5)
1586 1209 1672 1244 est.
1692 1198 1793 1246 Rex

369 1295 483 1324 vero
505 1275 648 1324 rebus
664 1311 678 1333 ‚
705 1292 813 1341 quae
839 1274 965 1320 inter
992 1274 1235 1321 Romanos
1267 1290 1320 1319 ac
1348 1274 1686 1339 Langobardos
1707 1293 1792 1340 ge-

371 1353 600 1401 rebantur
616 1388 630 1410 ,
679 1350 896 1415 diligenti
944 1366 1058 1396 cura
1101 1350 1402 1414 pertractatis
1418 1386 1431 1407 ,
1475 1349 1656 1398 bellum
1700 1350 1790 1398 sibi

374 1441 540 1478 contra
556 1427 893 1494 Langobardos
910 1443 999 1492 pro
1010 1425 1288 1473 defensione
1308 1428 1639 1475 Romanorum
1654 1429 1794 1475 susci—

369 1508 600 1573 piendum
640 1517 799 1565 ratus,
832 1523 942 1552 cum
983 1514 1089 1552 toto
1126 1505 1423 1551 Francorum
1459 1507 1670 1552 exercitu
1694 1506 1794 1554 Ge-

371 1605 516 1634 nuam
542 1587 635 1652 (4),
661 1582 954 1649 Burgundiae
980 1583 1245 1640 civitatem,
1267 1584 1402 1646 juxta
1428 1582 1712 1629 Rhodanum
1734 1584 1794 1630 si-

373 1675 470 1711 tam
501 1664 649 1710 venit.
699 1661 866 1726 Ibique
897 1660 954 1707 de
989 1659 1118 1706 bello
1156 1659 1456 1724 suscipiendo
1492 1659 1790 1719 deliberans,

373 1742 530 1806 copias
564 1757 678 1806 quas
702 1755 861 1787 secum
880 1736 1139 1784 adduxerat
1157 1737 1343 1794 divisit,
1371 1748 1418 1784 et
1441 1755 1586 1784 unam
1609 1749 1795 1803 partem

370 1837 479 1866 cum
498 1817 776 1865 Bernhardo
794 1826 967 1880 patruo
980 1833 1065 1863 suo
1079 1833 1164 1880 per
1183 1826 1399 1862 montem
1417 1816 1545 1863 Jovis
1562 1817 1790 1880 irejussit;

371 1897 569 1943 alteram
612 1896 708 1959 ipse
747 1894 952 1950 ducens,
981 1911 1067 1957 per
1094 1903 1310 1940 montem
1346 1892 1578 1939 Cinisium
1613 1894 1792 1939 Italiam

373 1975 552 2020 intrare
575 1971 842 2021 contendit.
867 1971 1196 2036 Superatoque
1220 1971 1415 2035 Alpium
1431 1973 1574 2036 jugo,
1597 1971 1792 2019 Deside-

373 2051 502 2096 rium
517 2067 675 2114 regem
699 2049 874 2094 frustra
899 2047 987 2094 sibi
1008 2049 1224 2095 resistere
1258 2058 1513 2095 conantem
1532 2049 1649 2095 citra
1671 2067 1791 2097 con—

370 2129 659 2193 gressionem
681 2127 755 2190 (5)
774 2126 977 2190 fugavit,
1003 2127 1278 2191 Ticenoque
1297 2127 1371 2191 (6)
1401 2127 1637 2174 inclusum
1659 2128 1790 2176 obse-

420 2270 471 2314 (1)
497 2269 541 2302 D.
566 2268 681 2314 Bouq.
702 2266 861 2301 decrevit
886 2267 1106 2313 legationem
1122 2267 1176 2301 ad
1195 2268 1241 2301 K.
1264 2281 1291 2301 r.
1322 2267 1362 2301 F.
1395 2270 1551 2309 mittere,
1579 2280 1731 2315 eumque
1751 2275 1790 2302 ut

373 2328 444 2362 ,vibi
459 2334 569 2374 atque
587 2327 631 2360 R.
651 2339 686 2361 a.
705 2327 752 2360 L.
769 2325 940 2372 o.ferret
958 2339 1101 2372 rogare.

416 2388 469 2432 (a)
494 2387 539 2420 D.
556 2386 672 2432 Bouq.
697 2384 908 2419 'I'lzeodonis
925 2385 1032 2419 villa.

420 2443 470 2490 (5)
495 2443 587 2479 Cod.
609 2442 821 2480 Vindobon.
839 2455 908 2490 990
925 2459 930 2476 z
956 2456 1125 2477 reversus
1144 2449 1209 2477 est.

420 2505 469 2547 (4)
496 2503 538 2536 D.
561 2502 675 2548 Bouq.
702 2502 913 2536 Gebennam
927 2519 935 2542 ;
951 2501 1031 2536 cod.
1054 2502 1196 2535 Trevir.
1225 2501 1413 2535 Geneuam
1431 2501 1622 2534 civitatem.

420 2560 469 2605 ΥΞ)
494 2562 539 2595 D.
562 2562 676 2607 Bouq.
697 2563 1003 2606 congressionem.

435 2621 469 2665 (i)
496 2621 566 2655 All.
595 2623 737 2661 Ticina,
766 2622 917 2655 Ticinio.
