<?xml version="1.0" encoding="UTF-8"?>
<!DOCTYPE html PUBLIC "-//W3C//DTD XHTML 1.0 Transitional//EN"
    "http://www.w3.org/TR/xhtml1/DTD/xhtml1-transitional.dtd">
<html xmlns="http://www.w3.org/1999/xhtml" xml:lang="en" lang="en">
 <head>
  <title>
</title>
<meta http-equiv="Content-Type" content="text/html;charset=utf-8" />
  <meta name='ocr-system' content='tesseract 3.04.00' />
  <meta name='ocr-capabilities' content='ocr_page ocr_carea ocr_par ocr_line ocrx_word'/>
</head>
<body>
  <div class='ocr_page' id='page_1' title='image "./einhardiomniaqua01einhuoft_0456.png"; bbox 0 0 1924 3183; ppageno 0'>
   <div class='ocr_carea' id='block_1_1' title="bbox 389 153 1292 193">
    <p class='ocr_par' dir='ltr' id='par_1_1' title="bbox 389 153 1292 193">
     <span class='ocr_line' id='line_1_1' title="bbox 389 153 1292 193; baseline -0.001 -2"><span class='ocrx_word' id='word_1_1' title='bbox 389 156 468 193; x_wconf 82' lang='lat'>330</span> <span class='ocrx_word' id='word_1_2' title='bbox 917 153 1292 192; x_wconf 87' lang='lat' dir='ltr'>HLUDOWICUS.</span> 
     </span>
    </p>
   </div>
   <div class='ocr_carea' id='block_1_2' title="bbox 390 239 1821 2169">
    <p class='ocr_par' dir='ltr' id='par_1_2' title="bbox 390 239 1821 2169">
     <span class='ocr_line' id='line_1_2' title="bbox 394 239 1808 306; baseline 0.004 -22"><span class='ocrx_word' id='word_1_3' title='bbox 394 240 554 286; x_wconf 85' lang='lat' dir='ltr'>labore</span> <span class='ocrx_word' id='word_1_4' title='bbox 565 239 763 304; x_wconf 79' lang='lat' dir='ltr'><strong>redegit.</strong></span> <span class='ocrx_word' id='word_1_5' title='bbox 780 239 899 286; x_wconf 87' lang='lat' dir='ltr'>Nam</span> <span class='ocrx_word' id='word_1_6' title='bbox 915 251 1168 305; x_wconf 84' lang='lat' dir='ltr'>postquam</span> <span class='ocrx_word' id='word_1_7' title='bbox 1179 241 1511 304; x_wconf 74' lang='lat' dir='ltr'>M01=manus(1</span> <span class='ocrx_word' id='word_1_8' title='bbox 1522 240 1562 304; x_wconf 90' lang='lat'>)‚</span> <span class='ocrx_word' id='word_1_9' title='bbox 1578 244 1662 306; x_wconf 84' lang='lat' dir='ltr'>qui</span> <span class='ocrx_word' id='word_1_10' title='bbox 1678 245 1727 290; x_wconf 89' lang='lat' dir='ltr'>in</span> <span class='ocrx_word' id='word_1_11' title='bbox 1739 261 1808 301; x_wconf 86' lang='lat' dir='ltr'>ea,</span> 
     </span>
     <span class='ocr_line' id='line_1_3' title="bbox 390 317 1813 384; baseline 0.004 -20"><span class='ocrx_word' id='word_1_12' title='bbox 390 328 567 381; x_wconf 84' lang='lat' dir='ltr'>praeter</span> <span class='ocrx_word' id='word_1_13' title='bbox 583 317 780 364; x_wconf 91' lang='lat' dir='ltr'>solitum</span> <span class='ocrx_word' id='word_1_14' title='bbox 797 317 1100 366; x_wconf 86' lang='lat' dir='ltr'>Brittonibus</span> <span class='ocrx_word' id='word_1_15' title='bbox 1121 335 1325 377; x_wconf 88' lang='lat' dir='ltr'>morem,</span> <span class='ocrx_word' id='word_1_16' title='bbox 1346 320 1523 384; x_wconf 80' lang='lat' dir='ltr'>regiam</span> <span class='ocrx_word' id='word_1_17' title='bbox 1547 318 1636 366; x_wconf 89' lang='lat' dir='ltr'>sibi</span> <span class='ocrx_word' id='word_1_18' title='bbox 1657 322 1813 369; x_wconf 90' lang='lat' dir='ltr'>vindi-</span> 
     </span>
     <span class='ocr_line' id='line_1_4' title="bbox 392 396 1814 462; baseline 0.003 -20"><span class='ocrx_word' id='word_1_19' title='bbox 392 408 578 443; x_wconf 79' lang='lat' dir='ltr'>caverat</span> <span class='ocrx_word' id='word_1_20' title='bbox 612 407 925 461; x_wconf 87' lang='lat' dir='ltr'>potestatem,</span> <span class='ocrx_word' id='word_1_21' title='bbox 960 396 1019 443; x_wconf 89' lang='lat' dir='ltr'>ab</span> <span class='ocrx_word' id='word_1_22' title='bbox 1055 398 1267 445; x_wconf 79' lang='lat' dir='ltr'>exercitu</span> <span class='ocrx_word' id='word_1_23' title='bbox 1299 398 1598 462; x_wconf 87' lang='lat' dir='ltr'>imperatoris</span> <span class='ocrx_word' id='word_1_24' title='bbox 1634 400 1814 446; x_wconf 89' lang='lat' dir='ltr'>occisus</span> 
     </span>
     <span class='ocr_line' id='line_1_5' title="bbox 392 474 1816 540; baseline 0.001 -18"><span class='ocrx_word' id='word_1_25' title='bbox 392 485 488 534; x_wconf 79' lang='lat' dir='ltr'>est,</span> <span class='ocrx_word' id='word_1_26' title='bbox 536 474 698 521; x_wconf 86' lang='lat' dir='ltr'>nullus</span> <span class='ocrx_word' id='word_1_27' title='bbox 736 476 894 523; x_wconf 90' lang='lat' dir='ltr'>Britto</span> <span class='ocrx_word' id='word_1_28' title='bbox 933 475 1267 522; x_wconf 83' lang='lat' dir='ltr'>inveniebatur</span> <span class='ocrx_word' id='word_1_29' title='bbox 1301 476 1383 540; x_wconf 87' lang='lat' dir='ltr'>qui</span> <span class='ocrx_word' id='word_1_30' title='bbox 1425 477 1664 523; x_wconf 82' lang='lat' dir='ltr'>resisteret</span> <span class='ocrx_word' id='word_1_31' title='bbox 1679 512 1692 533; x_wconf 94' lang='lat'>,</span> <span class='ocrx_word' id='word_1_32' title='bbox 1735 487 1816 523; x_wconf 84' lang='lat' dir='ltr'>aut</span> 
     </span>
     <span class='ocr_line' id='line_1_6' title="bbox 392 552 1814 618; baseline 0 -19"><span class='ocrx_word' id='word_1_33' title='bbox 392 553 473 617; x_wconf 83' lang='lat' dir='ltr'>qui</span> <span class='ocrx_word' id='word_1_34' title='bbox 502 553 729 617; x_wconf 84' lang='lat' dir='ltr'>imperata</span> <span class='ocrx_word' id='word_1_35' title='bbox 753 552 934 609; x_wconf 84' lang='lat' dir='ltr'>facere,</span> <span class='ocrx_word' id='word_1_36' title='bbox 958 563 1039 599; x_wconf 87' lang='lat' dir='ltr'>aut</span> <span class='ocrx_word' id='word_1_37' title='bbox 1061 554 1143 618; x_wconf 83' lang='lat' dir='ltr'>qui</span> <span class='ocrx_word' id='word_1_38' title='bbox 1169 552 1378 610; x_wconf 86' lang='lat' dir='ltr'>obsides,</span> <span class='ocrx_word' id='word_1_39' title='bbox 1401 555 1483 618; x_wconf 86' lang='lat' dir='ltr'>qui</span> <span class='ocrx_word' id='word_1_40' title='bbox 1503 552 1814 618; x_wconf 87' lang='lat' dir='ltr'>jubebantur,</span> 
     </span>
     <span class='ocr_line' id='line_1_7' title="bbox 391 630 1819 695; baseline 0.001 -19"><span class='ocrx_word' id='word_1_41' title='bbox 391 630 502 677; x_wconf 84' lang='lat' dir='ltr'>dare</span> <span class='ocrx_word' id='word_1_42' title='bbox 527 642 767 677; x_wconf 87' lang='lat' dir='ltr'>renueret.</span> <span class='ocrx_word' id='word_1_43' title='bbox 799 631 900 691; x_wconf 81' lang='lat' dir='ltr'>Qua</span> <span class='ocrx_word' id='word_1_44' title='bbox 928 630 1228 695; x_wconf 80' lang='lat' dir='ltr'>expeditione</span> <span class='ocrx_word' id='word_1_45' title='bbox 1253 631 1513 695; x_wconf 85' lang='lat' dir='ltr'>completa,</span> <span class='ocrx_word' id='word_1_46' title='bbox 1538 648 1649 677; x_wconf 88' lang='lat' dir='ltr'>cum</span> <span class='ocrx_word' id='word_1_47' title='bbox 1673 631 1819 695; x_wconf 88' lang='lat' dir='ltr'>impe-</span> 
     </span>
     <span class='ocr_line' id='line_1_8' title="bbox 393 707 1819 773; baseline 0 -21"><span class='ocrx_word' id='word_1_48' title='bbox 393 716 542 764; x_wconf 84' lang='lat' dir='ltr'>rator,</span> <span class='ocrx_word' id='word_1_49' title='bbox 565 707 760 754; x_wconf 91' lang='lat' dir='ltr'>dimisso</span> <span class='ocrx_word' id='word_1_50' title='bbox 783 708 1019 766; x_wconf 78' lang='lat' dir='ltr'>exercitu,</span> <span class='ocrx_word' id='word_1_51' title='bbox 1043 707 1319 773; x_wconf 81' lang='lat' dir='ltr'>Andegavos</span> <span class='ocrx_word' id='word_1_52' title='bbox 1345 707 1587 761; x_wconf 76' lang='lat' dir='ltr'>civitatem</span> <span class='ocrx_word' id='word_1_53' title='bbox 1609 717 1727 755; x_wconf 82' lang='lat' dir='ltr'>esset</span> <span class='ocrx_word' id='word_1_54' title='bbox 1746 724 1819 753; x_wconf 87' lang='lat' dir='ltr'>re-</span> 
     </span>
     <span class='ocr_line' id='line_1_9' title="bbox 394 785 1820 851; baseline 0.001 -22"><span class='ocrx_word' id='word_1_55' title='bbox 394 801 580 842; x_wconf 85' lang='lat' dir='ltr'>versus,</span> <span class='ocrx_word' id='word_1_56' title='bbox 611 785 921 850; x_wconf 78' lang='lat' dir='ltr'>Irmingardis</span> <span class='ocrx_word' id='word_1_57' title='bbox 947 786 1133 851; x_wconf 82' lang='lat' dir='ltr'>regina,</span> <span class='ocrx_word' id='word_1_58' title='bbox 1169 788 1343 849; x_wconf 87' lang='lat' dir='ltr'>conjux</span> <span class='ocrx_word' id='word_1_59' title='bbox 1377 788 1499 849; x_wconf 82' lang='lat' dir='ltr'>ejus,</span> <span class='ocrx_word' id='word_1_60' title='bbox 1535 802 1679 850; x_wconf 85' lang='lat' dir='ltr'>quam</span> <span class='ocrx_word' id='word_1_61' title='bbox 1710 801 1820 849; x_wconf 90' lang='lat' dir='ltr'>pro-</span> 
     </span>
     <span class='ocr_line' id='line_1_10' title="bbox 396 861 1820 927; baseline 0.001 -20"><span class='ocrx_word' id='word_1_62' title='bbox 396 862 607 909; x_wconf 86' lang='lat' dir='ltr'>ficiscens</span> <span class='ocrx_word' id='word_1_63' title='bbox 652 862 718 908; x_wconf 80' lang='lat' dir='ltr'>ibi</span> <span class='ocrx_word' id='word_1_64' title='bbox 759 872 1072 927; x_wconf 78' lang='lat' dir='ltr'>aegrotantem</span> <span class='ocrx_word' id='word_1_65' title='bbox 1109 864 1377 919; x_wconf 81' lang='lat' dir='ltr'>dimiserat,</span> <span class='ocrx_word' id='word_1_66' title='bbox 1420 862 1607 911; x_wconf 83' lang='lat' dir='ltr'>duobus</span> <span class='ocrx_word' id='word_1_67' title='bbox 1655 861 1820 910; x_wconf 87' lang='lat' dir='ltr'>diebus</span> 
     </span>
     <span class='ocr_line' id='line_1_11' title="bbox 393 938 1816 1003; baseline 0.001 -18"><span class='ocrx_word' id='word_1_68' title='bbox 393 948 646 1002; x_wconf 83' lang='lat' dir='ltr'>postquam</span> <span class='ocrx_word' id='word_1_69' title='bbox 687 940 786 1003; x_wconf 87' lang='lat' dir='ltr'>ipse</span> <span class='ocrx_word' id='word_1_70' title='bbox 826 938 883 985; x_wconf 87' lang='lat' dir='ltr'>ad</span> <span class='ocrx_word' id='word_1_71' title='bbox 922 957 1023 987; x_wconf 88' lang='lat' dir='ltr'>eam</span> <span class='ocrx_word' id='word_1_72' title='bbox 1059 940 1191 986; x_wconf 86' lang='lat' dir='ltr'>venit</span> <span class='ocrx_word' id='word_1_73' title='bbox 1210 976 1222 996; x_wconf 89' lang='lat'><em>‚</em></span> <span class='ocrx_word' id='word_1_74' title='bbox 1262 938 1437 987; x_wconf 85' lang='lat' dir='ltr'>morbo</span> <span class='ocrx_word' id='word_1_75' title='bbox 1475 939 1816 997; x_wconf 86' lang='lat' dir='ltr'>invalescente,</span> 
     </span>
     <span class='ocr_line' id='line_1_12' title="bbox 397 1016 1821 1081; baseline -0.001 -19"><span class='ocrx_word' id='word_1_76' title='bbox 397 1034 422 1062; x_wconf 83' lang='lat' dir='ltr'>v</span> <span class='ocrx_word' id='word_1_77' title='bbox 465 1017 533 1079; x_wconf 75' lang='lat'>(2)</span> <span class='ocrx_word' id='word_1_78' title='bbox 577 1033 695 1063; x_wconf 90' lang='lat' dir='ltr'>non.</span> <span class='ocrx_word' id='word_1_79' title='bbox 742 1016 906 1065; x_wconf 88' lang='lat' dir='ltr'>octob.</span> <span class='ocrx_word' id='word_1_80' title='bbox 956 1017 1169 1065; x_wconf 83' lang='lat' dir='ltr'>decessit.</span> <span class='ocrx_word' id='word_1_81' title='bbox 1211 1017 1412 1081; x_wconf 89' lang='lat' dir='ltr'>Eclipsis</span> <span class='ocrx_word' id='word_1_82' title='bbox 1459 1017 1568 1064; x_wconf 89' lang='lat' dir='ltr'>solis</span> <span class='ocrx_word' id='word_1_83' title='bbox 1617 1016 1821 1081; x_wconf 82' lang='lat' dir='ltr'>contigit</span> 
     </span>
     <span class='ocr_line' id='line_1_13' title="bbox 399 1093 1821 1158; baseline 0.001 -20"><span class='ocrx_word' id='word_1_84' title='bbox 399 1110 486 1139; x_wconf 80' lang='lat' dir='ltr'>vul</span> <span class='ocrx_word' id='word_1_85' title='bbox 508 1093 710 1158; x_wconf 81' lang='lat' dir='ltr'>id.julii.</span> <span class='ocrx_word' id='word_1_86' title='bbox 734 1095 999 1158; x_wconf 78' lang='lat' dir='ltr'>Imperator</span> <span class='ocrx_word' id='word_1_87' title='bbox 1015 1112 1100 1158; x_wconf 88' lang='lat' dir='ltr'>per</span> <span class='ocrx_word' id='word_1_88' title='bbox 1118 1095 1442 1158; x_wconf 80' lang='lat' dir='ltr'>Rotomagum</span> <span class='ocrx_word' id='word_1_89' title='bbox 1464 1104 1511 1140; x_wconf 89' lang='lat' dir='ltr'>et</span> <span class='ocrx_word' id='word_1_90' title='bbox 1533 1111 1618 1157; x_wconf 88' lang='lat' dir='ltr'>per</span> <span class='ocrx_word' id='word_1_91' title='bbox 1633 1093 1821 1139; x_wconf 86' lang='lat' dir='ltr'>Ambia-</span> 
     </span>
     <span class='ocr_line' id='line_1_14' title="bbox 395 1170 1821 1236; baseline 0.001 -20"><span class='ocrx_word' id='word_1_92' title='bbox 395 1188 482 1217; x_wconf 87' lang='lat' dir='ltr'>nos</span> <span class='ocrx_word' id='word_1_93' title='bbox 503 1182 549 1217; x_wconf 87' lang='lat' dir='ltr'>et</span> <span class='ocrx_word' id='word_1_94' title='bbox 569 1175 877 1217; x_wconf 82' lang='lat' dir='ltr'>Camaracum</span> <span class='ocrx_word' id='word_1_95' title='bbox 897 1171 1193 1236; x_wconf 81' lang='lat' dir='ltr'>Aquasgrani</span> <span class='ocrx_word' id='word_1_96' title='bbox 1214 1170 1272 1218; x_wconf 88' lang='lat' dir='ltr'>ad</span> <span class='ocrx_word' id='word_1_97' title='bbox 1292 1171 1646 1218; x_wconf 81' lang='lat' dir='ltr'>hibernandum</span> <span class='ocrx_word' id='word_1_98' title='bbox 1664 1189 1821 1219; x_wconf 89' lang='lat' dir='ltr'>rever-</span> 
     </span>
     <span class='ocr_line' id='line_1_15' title="bbox 394 1248 1821 1313; baseline 0.001 -20"><span class='ocrx_word' id='word_1_99' title='bbox 394 1266 494 1304; x_wconf 81' lang='lat' dir='ltr'>sus,</span> <span class='ocrx_word' id='word_1_100' title='bbox 521 1266 630 1294; x_wconf 88' lang='lat' dir='ltr'>cum</span> <span class='ocrx_word' id='word_1_101' title='bbox 653 1249 979 1295; x_wconf 85' lang='lat' dir='ltr'>Heristallium</span> <span class='ocrx_word' id='word_1_102' title='bbox 1003 1250 1230 1306; x_wconf 87' lang='lat' dir='ltr'>venisset,</span> <span class='ocrx_word' id='word_1_103' title='bbox 1261 1248 1429 1296; x_wconf 89' lang='lat' dir='ltr'>obvios</span> <span class='ocrx_word' id='word_1_104' title='bbox 1453 1248 1621 1294; x_wconf 88' lang='lat' dir='ltr'>habuit</span> <span class='ocrx_word' id='word_1_105' title='bbox 1645 1248 1821 1313; x_wconf 79' lang='lat' dir='ltr'>legatos</span> 
     </span>
     <span class='ocr_line' id='line_1_16' title="bbox 394 1325 1820 1391; baseline 0 -20"><span class='ocrx_word' id='word_1_106' title='bbox 394 1326 602 1391; x_wconf 79' lang='lat' dir='ltr'>sigonis,</span> <span class='ocrx_word' id='word_1_107' title='bbox 619 1326 750 1372; x_wconf 81' lang='lat' dir='ltr'>ducis</span> <span class='ocrx_word' id='word_1_108' title='bbox 766 1326 1236 1383; x_wconf 84' lang='lat' dir='ltr'>Beneventanorum‚</span> <span class='ocrx_word' id='word_1_109' title='bbox 1251 1326 1375 1373; x_wconf 90' lang='lat' dir='ltr'>dona</span> <span class='ocrx_word' id='word_1_110' title='bbox 1390 1325 1673 1382; x_wconf 81' lang='lat' dir='ltr'>deferentes,</span> <span class='ocrx_word' id='word_1_111' title='bbox 1694 1343 1820 1372; x_wconf 90' lang='lat' dir='ltr'>eum-</span> 
     </span>
     <span class='ocr_line' id='line_1_17' title="bbox 393 1404 1820 1468; baseline 0.001 -19"><span class='ocrx_word' id='word_1_112' title='bbox 393 1422 486 1468; x_wconf 86' lang='lat' dir='ltr'>que</span> <span class='ocrx_word' id='word_1_113' title='bbox 519 1404 577 1452; x_wconf 92' lang='lat' dir='ltr'>de</span> <span class='ocrx_word' id='word_1_114' title='bbox 606 1422 722 1452; x_wconf 89' lang='lat' dir='ltr'>nece</span> <span class='ocrx_word' id='word_1_115' title='bbox 751 1404 1020 1452; x_wconf 86' lang='lat' dir='ltr'>Grimoaldi</span> <span class='ocrx_word' id='word_1_116' title='bbox 1057 1404 1188 1451; x_wconf 87' lang='lat' dir='ltr'>ducis</span> <span class='ocrx_word' id='word_1_117' title='bbox 1231 1405 1538 1451; x_wconf 89' lang='lat' dir='ltr'>antecessoris</span> <span class='ocrx_word' id='word_1_118' title='bbox 1573 1405 1642 1450; x_wconf 89' lang='lat' dir='ltr'>sui</span> <span class='ocrx_word' id='word_1_119' title='bbox 1678 1421 1820 1451; x_wconf 86' lang='lat' dir='ltr'>excu-</span> 
     </span>
     <span class='ocr_line' id='line_1_18' title="bbox 393 1480 1820 1547; baseline 0 -20"><span class='ocrx_word' id='word_1_120' title='bbox 393 1492 564 1530; x_wconf 83' lang='lat' dir='ltr'>santes.</span> <span class='ocrx_word' id='word_1_121' title='bbox 588 1483 741 1529; x_wconf 84' lang='lat' dir='ltr'>Erant</span> <span class='ocrx_word' id='word_1_122' title='bbox 775 1482 841 1528; x_wconf 88' lang='lat' dir='ltr'>ibi</span> <span class='ocrx_word' id='word_1_123' title='bbox 860 1493 908 1528; x_wconf 90' lang='lat' dir='ltr'>et</span> <span class='ocrx_word' id='word_1_124' title='bbox 925 1482 1125 1528; x_wconf 84' lang='lat' dir='ltr'>aliarum</span> <span class='ocrx_word' id='word_1_125' title='bbox 1148 1483 1403 1531; x_wconf 83' lang='lat' dir='ltr'>nationum</span> <span class='ocrx_word' id='word_1_126' title='bbox 1426 1483 1588 1547; x_wconf 78' lang='lat' dir='ltr'>legati,</span> <span class='ocrx_word' id='word_1_127' title='bbox 1611 1480 1820 1529; x_wconf 87' lang='lat' dir='ltr'>Abodri-</span> 
     </span>
     <span class='ocr_line' id='line_1_19' title="bbox 393 1559 1821 1617; baseline 0.001 -13"><span class='ocrx_word' id='word_1_128' title='bbox 393 1570 555 1606; x_wconf 87' lang='lat' dir='ltr'>torum</span> <span class='ocrx_word' id='word_1_129' title='bbox 594 1560 814 1607; x_wconf 89' lang='lat' dir='ltr'>videlicet</span> <span class='ocrx_word' id='word_1_130' title='bbox 843 1577 896 1605; x_wconf 89' lang='lat' dir='ltr'>ac</span> <span class='ocrx_word' id='word_1_131' title='bbox 931 1560 1130 1617; x_wconf 86' lang='lat' dir='ltr'>Bornae,</span> <span class='ocrx_word' id='word_1_132' title='bbox 1167 1559 1299 1606; x_wconf 91' lang='lat' dir='ltr'>ducis</span> <span class='ocrx_word' id='word_1_133' title='bbox 1341 1559 1742 1607; x_wconf 88' lang='lat' dir='ltr'>Guduscanorum</span> <span class='ocrx_word' id='word_1_134' title='bbox 1774 1570 1821 1606; x_wconf 88' lang='lat' dir='ltr'>et</span> 
     </span>
     <span class='ocr_line' id='line_1_20' title="bbox 396 1636 1819 1702; baseline 0.001 -21"><span class='ocrx_word' id='word_1_135' title='bbox 396 1636 786 1685; x_wconf 80' lang='lat' dir='ltr'>Timotianorum</span> <span class='ocrx_word' id='word_1_136' title='bbox 808 1637 878 1700; x_wconf 71' lang='lat'>(5)</span> <span class='ocrx_word' id='word_1_137' title='bbox 894 1671 907 1693; x_wconf 92' lang='lat'><em>‚</em></span> <span class='ocrx_word' id='word_1_138' title='bbox 929 1638 1012 1701; x_wconf 85' lang='lat' dir='ltr'>qui</span> <span class='ocrx_word' id='word_1_139' title='bbox 1036 1654 1190 1701; x_wconf 85' lang='lat' dir='ltr'>nuper</span> <span class='ocrx_word' id='word_1_140' title='bbox 1211 1655 1233 1681; x_wconf 84' lang='lat' dir='ltr'>a</span> <span class='ocrx_word' id='word_1_141' title='bbox 1255 1637 1572 1702; x_wconf 81' lang='lat' dir='ltr'>Bulgarorum</span> <span class='ocrx_word' id='word_1_142' title='bbox 1599 1637 1819 1683; x_wconf 85' lang='lat' dir='ltr'>societate</span> 
     </span>
     <span class='ocr_line' id='line_1_21' title="bbox 394 1714 1820 1774; baseline 0.001 -15"><span class='ocrx_word' id='word_1_143' title='bbox 394 1714 688 1761; x_wconf 87' lang='lat' dir='ltr'>desciverant</span> <span class='ocrx_word' id='word_1_144' title='bbox 707 1725 753 1761; x_wconf 86' lang='lat' dir='ltr'>et</span> <span class='ocrx_word' id='word_1_145' title='bbox 771 1714 828 1760; x_wconf 85' lang='lat' dir='ltr'>ad</span> <span class='ocrx_word' id='word_1_146' title='bbox 849 1725 1038 1761; x_wconf 85' lang='lat' dir='ltr'>nostros</span> <span class='ocrx_word' id='word_1_147' title='bbox 1059 1715 1176 1762; x_wconf 88' lang='lat' dir='ltr'>fines</span> <span class='ocrx_word' id='word_1_148' title='bbox 1196 1734 1242 1762; x_wconf 88' lang='lat' dir='ltr'>se</span> <span class='ocrx_word' id='word_1_149' title='bbox 1258 1716 1563 1763; x_wconf 85' lang='lat' dir='ltr'>contulerant</span> <span class='ocrx_word' id='word_1_150' title='bbox 1577 1752 1591 1774; x_wconf 82' lang='lat'><em>‚</em></span> <span class='ocrx_word' id='word_1_151' title='bbox 1614 1715 1754 1762; x_wconf 89' lang='lat' dir='ltr'>simul</span> <span class='ocrx_word' id='word_1_152' title='bbox 1774 1724 1820 1762; x_wconf 83' lang='lat' dir='ltr'>et</span> 
     </span>
     <span class='ocr_line' id='line_1_22' title="bbox 394 1792 1820 1859; baseline 0 -21"><span class='ocrx_word' id='word_1_153' title='bbox 394 1793 647 1841; x_wconf 87' lang='lat' dir='ltr'>Liudevviti</span> <span class='ocrx_word' id='word_1_154' title='bbox 663 1794 754 1856; x_wconf 60' lang='lat' dir='ltr'>(lg),</span> <span class='ocrx_word' id='word_1_155' title='bbox 774 1792 907 1839; x_wconf 88' lang='lat' dir='ltr'>ducis</span> <span class='ocrx_word' id='word_1_156' title='bbox 925 1794 1187 1840; x_wconf 81' lang='lat' dir='ltr'>Pannoniae</span> <span class='ocrx_word' id='word_1_157' title='bbox 1205 1793 1464 1850; x_wconf 82' lang='lat' dir='ltr'>inferioris,</span> <span class='ocrx_word' id='word_1_158' title='bbox 1486 1795 1568 1859; x_wconf 84' lang='lat' dir='ltr'>qui</span> <span class='ocrx_word' id='word_1_159' title='bbox 1587 1811 1659 1839; x_wconf 84' lang='lat' dir='ltr'>res</span> <span class='ocrx_word' id='word_1_160' title='bbox 1675 1810 1820 1840; x_wconf 86' lang='lat' dir='ltr'>novas</span> 
     </span>
     <span class='ocr_line' id='line_1_23' title="bbox 395 1869 1821 1935; baseline 0.001 -20"><span class='ocrx_word' id='word_1_161' title='bbox 395 1869 623 1926; x_wconf 83' lang='lat' dir='ltr'>moliens,</span> <span class='ocrx_word' id='word_1_162' title='bbox 657 1870 916 1917; x_wconf 82' lang='lat' dir='ltr'>cadolaum</span> <span class='ocrx_word' id='word_1_163' title='bbox 949 1872 1175 1918; x_wconf 87' lang='lat' dir='ltr'>comitem</span> <span class='ocrx_word' id='word_1_164' title='bbox 1204 1882 1251 1918; x_wconf 79' lang='lat' dir='ltr'>et</span> <span class='ocrx_word' id='word_1_165' title='bbox 1281 1888 1453 1917; x_wconf 85' lang='lat' dir='ltr'>marcae</span> <span class='ocrx_word' id='word_1_166' title='bbox 1481 1870 1821 1935; x_wconf 63' lang='lat' dir='ltr'>F01²ojuliensis</span> 
     </span>
     <span class='ocr_line' id='line_1_24' title="bbox 393 1947 1820 2012; baseline 0 -18"><span class='ocrx_word' id='word_1_167' title='bbox 393 1947 677 2012; x_wconf 83' lang='lat' dir='ltr'>praefectum</span> <span class='ocrx_word' id='word_1_168' title='bbox 715 1949 1007 1996; x_wconf 84' lang='lat' dir='ltr'>crudelitatis</span> <span class='ocrx_word' id='word_1_169' title='bbox 1043 1961 1090 1997; x_wconf 87' lang='lat' dir='ltr'>et</span> <span class='ocrx_word' id='word_1_170' title='bbox 1123 1949 1389 1996; x_wconf 81' lang='lat' dir='ltr'>insolentiae</span> <span class='ocrx_word' id='word_1_171' title='bbox 1423 1966 1639 1995; x_wconf 87' lang='lat' dir='ltr'>accusare</span> <span class='ocrx_word' id='word_1_172' title='bbox 1673 1965 1820 1995; x_wconf 88' lang='lat' dir='ltr'>cona-</span> 
     </span>
     <span class='ocr_line' id='line_1_25' title="bbox 393 2023 1820 2091; baseline 0.001 -22"><span class='ocrx_word' id='word_1_173' title='bbox 393 2023 551 2070; x_wconf 85' lang='lat' dir='ltr'>batur.</span> <span class='ocrx_word' id='word_1_174' title='bbox 589 2024 774 2085; x_wconf 83' lang='lat' dir='ltr'>Quibus</span> <span class='ocrx_word' id='word_1_175' title='bbox 812 2024 877 2072; x_wconf 88' lang='lat' dir='ltr'>ibi</span> <span class='ocrx_word' id='word_1_176' title='bbox 913 2026 1083 2072; x_wconf 83' lang='lat' dir='ltr'>auditis</span> <span class='ocrx_word' id='word_1_177' title='bbox 1118 2037 1259 2091; x_wconf 85' lang='lat' dir='ltr'>atque</span> <span class='ocrx_word' id='word_1_178' title='bbox 1293 2027 1523 2082; x_wconf 87' lang='lat' dir='ltr'>dimissis,</span> <span class='ocrx_word' id='word_1_179' title='bbox 1561 2026 1820 2090; x_wconf 84' lang='lat' dir='ltr'>imperator</span> 
     </span>
     <span class='ocr_line' id='line_1_26' title="bbox 394 2102 1488 2169; baseline 0.002 -21"><span class='ocrx_word' id='word_1_180' title='bbox 394 2102 687 2168; x_wconf 77' lang='lat' dir='ltr'>Aquasgrani</span> <span class='ocrx_word' id='word_1_181' title='bbox 715 2103 771 2150; x_wconf 87' lang='lat' dir='ltr'>ad</span> <span class='ocrx_word' id='word_1_182' title='bbox 806 2103 1111 2151; x_wconf 86' lang='lat' dir='ltr'>hiemandum</span> <span class='ocrx_word' id='word_1_183' title='bbox 1136 2104 1380 2169; x_wconf 84' lang='lat' dir='ltr'>profectus</span> <span class='ocrx_word' id='word_1_184' title='bbox 1404 2115 1488 2151; x_wconf 85' lang='lat' dir='ltr'>est.</span> 
     </span>
    </p>
   </div>
   <div class='ocr_carea' id='block_1_3' title="bbox 394 2320 1813 2607">
    <p class='ocr_par' dir='ltr' id='par_1_3' title="bbox 442 2320 842 2366">
     <span class='ocr_line' id='line_1_27' title="bbox 442 2320 842 2366; baseline 0 -11"><span class='ocrx_word' id='word_1_185' title='bbox 442 2322 492 2366; x_wconf 87' lang='lat'>(1)</span> <span class='ocrx_word' id='word_1_186' title='bbox 518 2320 578 2355; x_wconf 87' lang='lat' dir='ltr'>Al.</span> <span class='ocrx_word' id='word_1_187' title='bbox 599 2321 842 2355; x_wconf 74' lang='lat' dir='ltr'>Marmamus.</span> 
     </span>
    </p>

    <p class='ocr_par' dir='ltr' id='par_1_4' title="bbox 441 2378 1723 2426">
     <span class='ocr_line' id='line_1_28' title="bbox 441 2378 1723 2426; baseline -0.001 -14"><span class='ocrx_word' id='word_1_188' title='bbox 441 2380 491 2424; x_wconf 77' lang='lat'>(2)</span> <span class='ocrx_word' id='word_1_189' title='bbox 517 2379 609 2414; x_wconf 91' lang='lat' dir='ltr'>Cod.</span> <span class='ocrx_word' id='word_1_190' title='bbox 628 2380 781 2414; x_wconf 83' lang='lat' dir='ltr'>Arman.</span> <span class='ocrx_word' id='word_1_191' title='bbox 801 2380 840 2414; x_wconf 88' lang='lat' dir='ltr'>in</span> <span class='ocrx_word' id='word_1_192' title='bbox 858 2386 933 2414; x_wconf 80' lang='lat' dir='ltr'>not.</span> <span class='ocrx_word' id='word_1_193' title='bbox 955 2392 974 2414; x_wconf 84' lang='lat' dir='ltr'>a</span> <span class='ocrx_word' id='word_1_194' title='bbox 989 2380 1035 2413; x_wconf 93' lang='lat' dir='ltr'>D.</span> <span class='ocrx_word' id='word_1_195' title='bbox 1057 2379 1169 2426; x_wconf 83' lang='lat' dir='ltr'>Bouq.</span> <span class='ocrx_word' id='word_1_196' title='bbox 1191 2378 1359 2413; x_wconf 83' lang='lat' dir='ltr'>laudatus</span> <span class='ocrx_word' id='word_1_197' title='bbox 1382 2394 1386 2411; x_wconf 91' lang='lat'>:</span> <span class='ocrx_word' id='word_1_198' title='bbox 1411 2391 1447 2412; x_wconf 77' lang='lat' dir='ltr'>vx</span> <span class='ocrx_word' id='word_1_199' title='bbox 1470 2379 1570 2413; x_wconf 77' lang='lat' dir='ltr'>Non.</span> <span class='ocrx_word' id='word_1_200' title='bbox 1597 2378 1723 2412; x_wconf 70' lang='lat' dir='ltr'>octob.</span> 
     </span>
    </p>

    <p class='ocr_par' dir='ltr' id='par_1_5' title="bbox 441 2439 1331 2487">
     <span class='ocr_line' id='line_1_29' title="bbox 441 2439 1331 2487; baseline 0 -13"><span class='ocrx_word' id='word_1_201' title='bbox 441 2439 488 2485; x_wconf 67' lang='grc'>’(5)</span> <span class='ocrx_word' id='word_1_202' title='bbox 517 2440 608 2475; x_wconf 82' lang='lat' dir='ltr'>Cod.</span> <span class='ocrx_word' id='word_1_203' title='bbox 632 2440 725 2487; x_wconf 82' lang='lat' dir='ltr'>Reg.</span> <span class='ocrx_word' id='word_1_204' title='bbox 741 2441 855 2475; x_wconf 82' lang='lat' dir='ltr'>Paris.</span> <span class='ocrx_word' id='word_1_205' title='bbox 874 2439 967 2487; x_wconf 70' lang='lat'>5924</span> <span class='ocrx_word' id='word_1_206' title='bbox 986 2456 991 2473; x_wconf 73' lang='grc' dir='ltr'>ς</span> <span class='ocrx_word' id='word_1_207' title='bbox 1020 2441 1331 2474; x_wconf 74' lang='lat' dir='ltr'>&#39;l&#39;z&#39;nmciatzoz-zcm.</span> 
     </span>
    </p>

    <p class='ocr_par' dir='ltr' id='par_1_6' title="bbox 394 2496 1813 2607">
     <span class='ocr_line' id='line_1_30' title="bbox 441 2496 1813 2544; baseline -0.004 -9"><span class='ocrx_word' id='word_1_208' title='bbox 441 2501 489 2544; x_wconf 57' lang='grc' dir='ltr'>(ἦ)</span> <span class='ocrx_word' id='word_1_209' title='bbox 516 2500 633 2535; x_wconf 79' lang='lat' dir='ltr'>Codd.</span> <span class='ocrx_word' id='word_1_210' title='bbox 666 2501 836 2535; x_wconf 80' lang='lat' dir='ltr'>Hannov.</span> <span class='ocrx_word' id='word_1_211' title='bbox 867 2508 904 2534; x_wconf 84' lang='lat' dir='ltr'>ct</span> <span class='ocrx_word' id='word_1_212' title='bbox 929 2499 1143 2536; x_wconf 82' lang='lat' dir='ltr'>Vindobon.</span> <span class='ocrx_word' id='word_1_213' title='bbox 1172 2513 1234 2533; x_wconf 83' lang='lat'>110</span> <span class='ocrx_word' id='word_1_214' title='bbox 1263 2515 1267 2531; x_wconf 89' lang='lat'>:</span> <span class='ocrx_word' id='word_1_215' title='bbox 1300 2498 1514 2533; x_wconf 68' lang='lat' dir='ltr'>Inedewici.v</span> <span class='ocrx_word' id='word_1_216' title='bbox 1539 2496 1617 2531; x_wconf 73' lang='lat' dir='ltr'>cod.</span> <span class='ocrx_word' id='word_1_217' title='bbox 1648 2496 1813 2531; x_wconf 53' lang='lat' dir='ltr'>vindob.</span> 
     </span>
     <span class='ocr_line' id='line_1_31' title="bbox 394 2560 1310 2607; baseline -0.002 -14"><span class='ocrx_word' id='word_1_218' title='bbox 394 2573 461 2605; x_wconf 57' lang='lat'>900</span> <span class='ocrx_word' id='word_1_219' title='bbox 484 2577 488 2593; x_wconf 68' lang='lat'>⁴.</span> <span class='ocrx_word' id='word_1_220' title='bbox 517 2561 721 2596; x_wconf 70' lang='lat' dir='ltr'>Luslowiti:</span> <span class='ocrx_word' id='word_1_221' title='bbox 744 2561 872 2606; x_wconf 73' lang='lat' dir='ltr'>fragm.</span> <span class='ocrx_word' id='word_1_222' title='bbox 897 2561 1071 2607; x_wconf 83' lang='lat' dir='ltr'>Ainbcrg.</span> <span class='ocrx_word' id='word_1_223' title='bbox 1091 2560 1310 2594; x_wconf 67' lang='lat' dir='ltr'>Lindewim&#39;.</span> 
     </span>
    </p>
   </div>
  </div>
 </body>
</html>
