1924 3183
384 189 463 225 226
967 179 1218 218 KAROLUS.

383 273 564 339 partito
588 269 799 318 exercitu
826 268 1079 315 Saxoniam
1104 277 1264 331 petere
1291 266 1484 324 statuit,
1513 284 1568 314 eo
1589 268 1805 316 videlicet

383 350 555 409 modo,
576 359 632 394 ut
655 348 752 412 ipse
774 364 883 393 cum
905 344 1097 391 dimidia
1117 354 1251 409 parte
1270 345 1517 408 copiarum
1536 344 1594 390 ab
1613 347 1802 392 australi

383 440 518 495 parte
542 428 768 482 intraret,
796 423 999 472 Karolus
1022 440 1137 470 vero
1169 421 1293 468 filius
1325 424 1422 486 ejus
1451 440 1561 468 cum
1591 422 1678 469 alia
1705 441 1802 471 me-

383 506 557 553 dietate
584 505 801 550 Hrenum
827 500 953 565 apud
979 500 1229 547 Coloniam
1256 500 1501 557 traiceret,
1539 511 1586 547 et
1619 500 1667 546 in
1698 518 1803 547 ean-

383 584 492 632 dem
516 583 761 648 regionem
789 578 848 626 ab
877 579 1124 626 occidente
1150 577 1353 624 veniret.
1383 577 1492 637 Quo
1518 577 1668 634 facto,
1696 578 1805 626 licet

385 663 593 708 Saxones
628 660 677 705 in
713 673 880 721 campo
920 657 1002 721 qui
1036 654 1274 702 Sinotfeld
1312 656 1331 719 (
1345 655 1383 718 ι)
1422 665 1638 713 vocatur,
1676 658 1804 720 quasi

383 739 605 804 praelium
636 754 746 783 cum
779 752 888 799 rege
924 734 1222 780 commissuri
1258 733 1580 780 consedissent
1595 769 1607 791 ,
1646 733 1806 799 ibique

383 817 641 863 adventum
655 816 693 877 ej
702 831 753 859 us
767 812 1125 876 opperirentur,
1144 811 1307 857 amissa
1320 811 1535 858 victoriae
1552 828 1649 874 spe,
1664 829 1805 876 quam

384 892 472 940 sibi
498 892 640 956 paulo
659 900 769 936 ante
789 889 906 936 falso
928 886 1297 952 pollicebantur,
1321 887 1377 934 ad
1395 886 1687 935 deditionem
1707 905 1808 934 om·-

383 989 466 1018 nes
489 969 704 1017 conversi
728 977 863 1023 sunt,
891 966 1099 1030 victique
1122 966 1222 1011 sine
1244 965 1439 1029 praelio,
1468 966 1589 1030 regis
1613 966 1808 1012 victoris

384 1046 607 1113 potestati
642 1062 689 1092 se
715 1043 1048 1090 subdiderunt.
1078 1041 1326 1088 Dederunt
1351 1042 1497 1106 igitur
1523 1041 1735 1099 obsides,
1763 1053 1810 1089 et

374 1123 688 1192 jurejurando
703 1121 844 1169 fidem
858 1138 904 1168 se
917 1121 1016 1185 regi
1033 1138 1217 1167 servare
1232 1120 1353 1166 velle
1366 1120 1713 1184 promiserunt.
1733 1120 1808 1166 Sic

382 1203 558 1251 omisso
590 1200 784 1265 praelio,
825 1209 872 1245 et
904 1198 1111 1244 Saxones
1146 1197 1355 1243 domum*
1377 1197 1551 1243 reversi
1587 1207 1724 1253 sunt,
1762 1207 1809 1244 et

382 1299 490 1337 rex,
514 1278 791 1326 transmisso
814 1278 1006 1333 Hreno,
1030 1276 1079 1321 in
1099 1274 1303 1321 Galliam
1325 1292 1372 1321 se
1395 1275 1603 1338 recepit3
1630 1285 1676 1322 et
1700 1292 1809 1321 cum

384 1356 679 1423 Aquasgrani
701 1355 922 1410 venisset,
946 1352 1123 1399 ibidem
1146 1351 1358 1399 hibernis
1379 1351 1577 1410 habitis,
1605 1362 1651 1399 et
1672 1352 1811 1399 Nata-

386 1438 479 1485 lem
498 1435 692 1483 Domini
713 1444 760 1481 et
778 1431 949 1479 Pascha
975 1431 1248 1479 celebravit.

966 1569 1237 1617 DCCXCV.

453 1685 753 1746 Quamquam
779 1681 987 1726 Saxones
1015 1688 1176 1725 aestate
1197 1681 1439 1742 praetcrita
1464 1689 1509 1725 et
1533 1678 1717 1725 obsides
1737 1677 1813 1724 de-

386 1764 564 1810 dissent
583 1797 596 1818 ,
642 1771 688 1807 et
728 1757 990 1806 secundum
1033 1757 1162 1821 quod
1195 1758 1310 1820 jussi
1353 1767 1489 1803 erant
1524 1766 1811 1803 sacramenta

380 1844 644 1905 jurassent,
670 1853 754 1883 rex
779 1846 939 1881 tamen
962 1833 1157 1880 illorum
1176 1832 1388 1897 perfidiae
1414 1850 1514 1879 non
1536 1833 1807 1888 immemor,

385 1926 678 1966 conventum
706 1912 976 1978 generalem
1006 1923 1135 1958 trans
1164 1912 1381 1958 Hrcnum
1413 1911 1463 1957 in
1495 1911 1603 1956 villa
1633 1911 1812 1957 Cuffes—

386 1996 507 2044 stein
529 1995 622 2058 (2),
646 2010 754 2057 quae
769 2009 911 2055 super
930 1991 1153 2036 Moenum
1173 2000 1341 2035 contra
1357 1989 1433 2053 (ὅ)
1452 1989 1810 2053 Mogontiacum

389 2072 561 2119 urbem
581 2071 667 2116 sita
688 2080 782 2126 est,
808 2085 941 2114 more
960 2067 1160 2113 solemni
1187 2066 1376 2122 habuit,
1404 2076 1546 2132 atque
1572 2065 1680 2112 inde
1705 2082 1814 2111 cum

390 2151 601 2200 exercitu
634 2147 885 2194 Saxoniam
914 2147 1174 2209 ingressus,
1211 2162 1332 2208 pene
1360 2154 1511 2191 totam
1538 2143 1814 2208 populando

388 2227 673 2295 peragravit.
697 2229 912 2289 Cumque
932 2225 979 2269 in
998 2240 1168 2288 pagum
1184 2221 1465 2287 Bardengoo
1483 2223 1556 2286 (4)
1574 2221 1813 2286 pervenis-

435 2413 485 2456 (1)
511 2408 581 2445 All.
606 2404 856 2453 Silzogfeldus,
881 2403 1149 2449 Sinoffkldtmz,
1177 2402 1363 2449 Sianeld,
1397 2401 1603 2449 St'tmgseld;
1624 2402 1666 2436 D.
1693 2402 1804 2448 Bouq.

390 2477 426 2504 ct
447 2470 567 2503 Nuen.
587 2476 709 2500 comes
729 2480 734 2497 :
760 2461 925 2509 Singfelt.

432 2531 485 2574 (2)
512 2526 581 2562 All.
609 2523 830 2573 Ctgffestein,
856 2520 1061 2569 ngffeslcvz,
1088 2519 1327 2568 Czffmstein.

436 2587 485 2632 (Β)
512 2585 604 2621 Cod.
627 2585 793 2618 Hannov.
813 2582 923 2628 juxta
943 2581 1232 2626 sslogmztiacnm.

435 2648 485 2687 (4)
512 2644 578 2679 ΑΗ.
605 2642 848 2686 Bardengme.
875 2639 1108 2683 Bm‘dc‘ngnc.
1133 2638 1357 2682 Bardrngm'.
