2043 3193
498 151 547 189 34
837 145 959 182 VITA
992 142 1182 181 KAROLI
1215 138 1578 178 IMPERATORIS.

561 234 625 281 X.
666 230 864 280 Domuit
886 232 953 293 (ι)
979 239 1025 276 et
1055 228 1324 282 Brittones,
1353 225 1435 289 qui
1462 223 1519 270 ad
1542 224 1839 272 occidentem
1869 225 1918 270 in

497 322 705 359 extrema
724 307 927 374 quadam
943 316 1076 371 parte
1095 303 1263 351 Galliae
1283 319 1424 366 super
1448 301 1584 349 littus
1607 302 1787 350 Oceani
1806 303 1920 350 resi-

496 388 690 446 dentes,
726 386 856 435 dicto
887 384 1127 431 audientes
1156 381 1223 444 (2)
1253 398 1356 429 non
1387 389 1550 437 erant,
1588 380 1726 426 missa
1759 380 1808 427 in
1842 396 1921 428 eos

498 465 819 531 expeditione,
841 481 934 528 qua
953 472 998 509 et
1017 459 1201 508 obsides
1221 459 1350 517 dare,
1376 466 1422 507 et
1439 475 1548 523 quae
1569 459 1922 523 imperarentur

498 563 544 593 se
580 544 793 591 facturos
825 540 1067 606 polliceri,
1108 538 1258 585 coacti
1300 548 1430 584 sunt.
1469 538 1572 602 Ipse
1609 547 1770 601 postea
1812 554 1923 583 cum

498 623 710 672 exercitu
734 620 918 667 Italiam
953 620 1189 683 ingressus
1214 633 1265 662 ac
1290 633 1377 680 per
1410 617 1614 663 Romam
1638 616 1729 662 iter
1752 632 1920 680 agens,

497 701 732 765 Capuam,
759 696 1029 761 Campaniae
1049 693 1243 750 urbem,
1264 694 1480 751 accessit,
1505 705 1647 758 atque
1667 692 1734 739 ibi
1758 693 1925 757 positis

499 779 685 835 castriS‚
706 776 887 824 bellum
906 773 1251 821 Beneventanis
1265 808 1279 830 ,
1297 773 1347 819 ni
1368 771 1659 820 dederentur
1678 773 1745 835 (3)
1757 808 1770 829 ‚
1792 789 1926 820 com-

499 858 707 903 minatus
737 864 823 901 est.
857 852 1097 900 Praevenit
1130 850 1221 899 hoc
1256 851 1353 897 dux
1386 852 1541 915 gentis
1572 851 1794 916 Aragisus
1826 851 1921 914 (4);

499 934 623 981 filios
658 948 792 989 SUOS,
828 928 1123 977 Rumoldum
1161 939 1207 975 et
1239 927 1572 985 Grimoldum‚
1613 945 1723 974 cum
1757 945 1927 992 magna

500 1011 701 1075 pecunia
723 1008 914 1058 obviam
938 1008 1036 1071 regi
1063 1008 1288 1062 mittens,
1315 1015 1478 1070 rogat,
1514 1016 1569 1052 ut
1593 1005 1780 1053 obsides
1805 1005 1930 1053 filios

501 1088 750 1154 suscipiat,
778 1103 919 1151 seque
943 1102 1051 1132 cum
1076 1095 1216 1150 gente
1249 1085 1478 1148 imperata
1510 1084 1752 1131 facturum
1781 1083 1931 1149 polli-

502 1178 656 1224 cetur,
683 1174 860 1230 praeter
885 1163 975 1211 hoc
1009 1163 1192 1220 solum,
1221 1163 1256 1208 si
1291 1163 1388 1227 ipse
1421 1162 1478 1208 ad
1513 1172 1821 1227 conspectum
1848 1179 1930 1209 ve-

503 1245 608 1292 nire
626 1262 727 1291 non
754 1252 1004 1307 cogeretur
1022 1242 1108 1303 (5).
1139 1241 1238 1288 Rex
1259 1241 1331 1304 (6)
1345 1276 1357 1297 ,
1381 1240 1587 1286 utilitate
1605 1240 1758 1304 gentis
1782 1239 1930 1304 magis

503 1339 648 1387 quam
677 1321 824 1367 animi
849 1321 946 1383 ejus
974 1317 1299 1366 obstinatione
1326 1316 1648 1374 considerata,
1673 1327 1720 1363 et
1743 1316 1931 1364 oblatos

505 1399 593 1446 sibi
618 1397 804 1445 obsides
822 1397 893 1461 (7)
917 1397 1146 1460 suscepit,
1169 1396 1333 1460 eique,
1361 1404 1416 1440 ut
1434 1394 1490 1440 ad
1516 1403 1827 1458 conspectum
1851 1411 1932 1441 ve-

506 1478 612 1524 nire
651 1493 753 1523 non
794 1483 1062 1538 cogeretur,
1097 1491 1188 1538 pro
1223 1488 1398 1538 magno
1436 1489 1637 1519 munere
1671 1472 1904 1519 concessit
1916 1490 1930 1528 3

507 1571 702 1619 unoque
726 1571 783 1600 ex
804 1551 940 1609 filiis,
962 1553 1044 1616 qui
1066 1553 1229 1598 minor
1256 1562 1380 1607 erat,
1410 1550 1653 1597 obsidatus
1677 1551 1825 1615 gratia
1852 1568 1934 1597 re-

509 1642 672 1689 tento,
710 1632 941 1694 maJ‘orem
976 1630 1100 1693 patri
1141 1629 1350 1686 remisit,
1392 1628 1649 1693 legatisque
1682 1627 1747 1675 ob
1780 1645 1934 1674 sacra-

509 1720 671 1759 menta
704 1708 943 1756 fidelitatis
971 1726 995 1753 a
1026 1707 1373 1755 Beneventanis
1405 1707 1631 1771 exigenda
1659 1718 1802 1771 atque
1829 1725 1936 1753 sus-

514 1786 729 1852 cipienda
771 1802 881 1832 cum
924 1784 1122 1850 Aragiso
1158 1786 1229 1849 (8)
1271 1784 1500 1841 dimissiS,
1542 1785 1745 1831 Romam
1785 1783 1932 1841 redit3

564 2000 615 2043 (ι)
641 1997 697 2032 Cf.
718 1997 818 2032 Suet.
841 1997 938 2043 Aug.
961 2008 992 2029 c.
1013 2007 1069 2029 Ἠ.

563 2067 614 2110 (2)
641 2063 759 2099 codd.
782 2064 1071 2098 Hannoveranus
1098 2080 1102 2096 z
1130 2062 1360 2098 obedientes,-
1384 2062 1475 2097 Cod.
1499 2061 1714 2097 Vindobon.
1748 2061 1788 2097 16
1810 2069 1846 2097 et
1865 2062 1939 2098 duo

518 2126 579 2161 alii
601 2141 606 2158 ε
631 2123 882 2159 obaudientes.

566 2192 617 2238 (5)
640 2192 802 2227 Νυθιιειτ.
824 2203 944 2226 comes
963 2198 1001 2225 et
1018 2190 1231 2238 Marquard.
1254 2190 1437 2224 Freherus
1458 2204 1465 2223 ε
1490 2191 1530 2223 ηί
1547 2201 1627 2224 sese
1646 2187 1836 2223 dederent.

566 2262 617 2306 (4)
642 2259 715 2295 ΛΠ.
735 2260 936 2305 Ανίίςίςιις,
958 2258 1152 2304 Arigisus,
1172 2258 1394 2304 Aragissus,
1417 2257 1591 2304 Argisus.
1608 2276 1651 2283 -
1668 2255 1714 2290 Et
1732 2256 1827 2290 infra
1849 2271 1854 2289 z
1872 2256 1942 2290 Ra-

522 2319 703 2364 muldum,
723 2317 946 2353 Bomaldum
959 2346 967 2361 ,
988 2316 1220 2352 Bomoldum.
1241 2336 1287 2343 —-
1309 2316 1543 2352 Grimaldum
1554 2343 1563 2359 ,
1589 2314 1858 2351 Grimoaldum.

569 2387 618 2433 (5)
644 2387 703 2423 Sic
721 2387 767 2421 D.
788 2387 902 2433 Bouq.
924 2398 1006 2420 cum
1025 2386 1193 2433 plurimis
1211 2384 1318 2420 codd.
1337 2406 1378 2411 —
1395 2385 1502 2421 Pertz
1523 2400 1528 2418 :
1550 2386 1677 2419 venire
1691 2390 1892 2430 cogeretur.

568 2456 619 2502 (6)
644 2454 761 2492 Codd.
782 2454 997 2492 Vindobon.
1020 2453 1087 2491 358
1107 2462 1143 2488 et
1166 2467 1229 2489 110
1249 2471 1255 2488 z
1280 2455 1397 2489 Porro
1418 2467 1498 2489 rex.

570 2526 621 2571 (7)
646 2523 809 2563 Nuenar.
829 2534 949 2558 comes
967 2538 972 2556 :
994 2535 1061 2568 pro
1080 2521 1220 2557 obside.

571 2593 620 2636 (ὅ)
648 2592 672 2625 i.
688 2603 721 2626 e.
735 2590 837 2636 apud
852 2591 1070 2636 Aragisum.
1084 2590 1139 2625 Cf.
1155 2590 1295 2626 Chron.
1310 2589 1490 2624 Moissiac.
1507 2600 1537 2621 a.
1563 2586 1632 2634 809
1650 2594 1686 2622 et
1704 2587 1785 2623 812.
1806 2586 1940 2622 Annal,

515 2656 771 2696 tauivissenses
789 2671 820 2694 a.
841 2658 921 2705 784ε
945 2659 1118 2705 Gregorii
1138 2659 1279 2693 Turon.
1300 2657 1386 2691 hist.
1409 2657 1497 2704 epit.
1519 2669 1548 2690 c.
1571 2654 1629 2690 52.
