2043 3193
446 162 759 201 TESTIMONIA
789 162 856 200 DE
888 162 1168 202 EINHARDO.

111 259 125 271 ιι
150 238 231 275 Non
254 246 400 289 torpore
419 252 502 276 meo
522 239 698 289 turpique
719 252 856 288 pavore
871 266 880 284 ,
901 236 1059 284 fatebor,

161 319 176 333 «
202 299 430 337 Francorum
452 301 544 338 fines
567 314 658 353 gens
677 300 829 336 inimica
849 299 949 337 tulit.

111 382 125 395 ιι
150 362 233 399 Jam
253 377 403 414 quoque
422 363 574 416 sanguis
596 362 727 408 hebet,
750 363 926 412 torpescit
947 361 1028 399 dira
1047 371 1238 408 senectus,

164 445 179 458 ιι
202 425 356 463 Florida
372 427 528 464 canities
548 426 665 462 lactea
689 425 786 462 colla
804 425 954 476 premit.

109 513 122 525 ιι
150 492 313 530 Dextera
332 492 507 531 bellatrix
525 492 716 544 quondam
731 491 870 529 famosa
892 506 959 543 per
978 492 1105 530 orbem
1125 522 1133 537 ‚

161 574 178 589 «
203 555 392 608 Sanguine
412 555 569 607 frigente
583 583 592 600 ,
615 556 692 605 jam
712 554 962 592 tremebunda
983 554 1095 592 cadit.

111 639 125 652 =‹
151 619 278 656 Proles
299 627 386 656 nata
403 618 496 655 mihi
516 618 661 669 superis
680 617 857 655 abscessit
878 618 925 654 ab
944 619 1018 655 oris
1031 647 1041 664 ,

162 700 178 714 «
202 680 347 718 Ordine
366 679 494 717 functa
510 693 576 716 suo
594 678 670 716 heu
690 678 874 716 tumulata
894 679 993 729 jacet
1010 708 1018 724 ,

108 764 123 777 ιι
150 744 222 782 Sed
240 757 390 795 quoque
412 757 494 794 quae
515 743 638 794 potior
649 742 890 793 Dominoque
908 742 1117 793 placentior
1131 742 1220 780 olim

164 825 180 840 ιι
203 806 293 843 Visa
313 804 384 842 suit
401 835 410 853 ,
433 819 582 857 semper
603 813 658 842 est
684 804 776 841 mihi
798 818 902 843 cessa
921 805 1043 842 modo.

108 889 123 902 ιι
148 869 225 906 Nec
242 883 308 906 vos
328 867 492 907 deseruit
510 867 703 913 Christus,
724 869 816 919 quin
836 869 1005 920 germine
1025 876 1152 906 nostro

164 952 180 967 ιι
203 932 396 979 Servaret,
420 932 580 977 Franci,
602 946 705 969 nunc
730 931 893 969 sobolem
916 932 1110 983 placitam,

109 1016 123 1030 ιι
150 996 221 1033 Illa
241 997 334 1034 meis
353 1009 501 1047 semper
519 995 710 1032 delectans
732 995 863 1032 inclita
882 996 993 1046 jussis

162 1079 178 1093 ιι
200 1060 354 1107 Paruit,
376 1068 488 1111 atque
506 1073 634 1096 meum
654 1057 776 1096 edidit
797 1060 1010 1110 imperium.

149 1123 304 1175 Semper
323 1137 450 1161 amore
467 1123 538 1160 Dei
556 1122 804 1160 ecclesiarum
823 1123 906 1172 jura
929 1124 1083 1160 novavit
1103 1153 1110 1167 ‚

162 1205 177 1219 ιι
204 1185 355 1224 Credita
375 1200 491 1239 regna
507 1185 580 1223 sibi
600 1185 758 1223 contulit
778 1186 817 1222 in
834 1184 979 1224 melius.

110 1269 123 1282 ιι
152 1249 310 1287 Vidistis
330 1264 412 1301 quae
429 1248 527 1286 dona
548 1248 638 1285 olim
654 1247 876 1285 Maurorum
900 1248 1029 1286 funere
1046 1250 1146 1286 misit
1160 1279 1168 1293 ,

166 1331 182 1346 ιι
206 1311 349 1364 Regem
367 1340 376 1358 ‚
399 1325 503 1348 arma
522 1318 559 1347 et
577 1312 724 1347 vinctos
741 1339 750 1357 ‚
772 1324 909 1362 magna
932 1311 1087 1362 trophea
1107 1313 1231 1349 simul.

110 1395 125 1407 ιι
151 1375 229 1412 Vos
248 1374 342 1412 mihi
359 1373 562 1411 concilium
580 1373 656 1410 fido
673 1372 720 1409 de
743 1381 892 1424 pectore
908 1402 917 1419 ἲ
940 1373 1096 1419 Franci,

165 1457 181 1471 «
206 1437 353 1482 Dicite3
380 1451 446 1474 nos
473 1444 644 1487 prompte
665 1450 751 1473 mox
775 1450 995 1488 peragamus
1014 1436 1125 1473 idem.
1147 1456 1162 1468 u

110 1501 216 1538 Tunc
231 1501 456 1539 Hmmmnns
475 1508 556 1536 crat
572 1499 704 1535 Karoli
726 1499 885 1536 dilectus
905 1514 1030 1536 amore
1046 1529 1055 1543 ‚

164 1564 397 1615 Ingenioque
418 1577 530 1614 sagax
550 1571 584 1599 et
601 1563 770 1599 bonitate
789 1563 920 1613 vigens
933 1593 942 1607 ,

110 1626 183 1664 Hic
209 1627 310 1665 cadit
334 1635 420 1664 ante
450 1625 583 1677 pedes,
614 1626 768 1677 vestigia
792 1626 910 1662 basiat
939 1626 1034 1662 alma
1055 1655 1064 1671 ,

162 1690 303 1727 Doctus
325 1689 492 1727 consiliis
515 1690 647 1740 incipit
672 1690 738 1725 ista
760 1690 862 1740 prior
887 1705 895 1724 ε

115 1773 129 1786 ιι
154 1752 186 1789 Ο
208 1752 330 1790 Caesar
350 1752 489 1790 famose
508 1752 594 1803 polo
610 1781 618 1797 ,
635 1761 808 1804 terraque
824 1753 995 1803 marique
1011 1782 1018 1796 ,

169 1835 185 1850 ιι
211 1816 393 1854 Caesarem
414 1816 480 1867 qui
498 1815 564 1852 das
581 1829 717 1852 nomen
737 1815 875 1853 habere
891 1817 964 1852 tuis
980 1845 988 1861 ,

115 1899 129 1912 ιι
155 1879 304 1917 Addere
323 1879 488 1917 consiliis
509 1879 563 1915 nil
584 1887 754 1916 nostrum
775 1887 830 1916 est
848 1893 977 1929 posse,
1004 1893 1073 1916 nec
1106 1880 1171 1916 ulli

169 1962 184 1976 ιι
211 1942 364 1981 Mortali
384 1944 508 1994 potius
530 1941 698 1979 Christus
719 1942 857 1979 habere
882 1941 998 1981 dedit.

116 2025 131 2039 ιι
158 2006 251 2053 Quae
270 2006 338 2043 tibi
358 2005 469 2044 corde
488 2005 588 2043 Deus
605 2007 801 2044 miseratus
815 2006 977 2043 contulit
991 2035 999 2050 ‚
1016 2005 1157 2043 hortor-

173 2087 188 2102 «
212 2068 445 2115 Quantocius
464 2081 600 2118 parens
620 2070 745 2106 omnia
770 2069 953 2119 perficias.

117 2151 132 2165 ιι
160 2131 280 2169 Filius
298 2131 394 2168 alme
414 2131 481 2168 tibi
504 2131 701 2182 praedulcis
719 2132 886 2169 moribus
906 2141 1006 2169 extat
1019 2161 1027 2177 7

171 2215 188 2229 ιι
214 2195 284 2231 Pro
304 2195 444 2232 meritis
472 2195 535 2245 qui
556 2195 638 2245 quit·
657 2209 772 2247 regna
796 2204 924 2233 tenere
942 2204 1015 2232 tua.

120 2277 135 2290 ιι
158 2257 273 2294 Hunc
295 2257 457 2308 petimus
477 2258 626 2303 cuncti,
648 2259 842 2308 majorque
868 2259 1067 2309 minorque
1088 2258 1259 2310 popellus
1274 2289 1282 2303 ‚

172 2339 189 2354 ιι
214 2319 329 2356 Hunc
351 2319 443 2370 petit
463 2318 631 2356 Ecclesia
648 2349 656 2364 ‚
681 2318 849 2357 Christus
871 2330 905 2358 et
934 2322 1013 2371 ipse
1036 2321 1144 2359 favet.

123 2403 138 2416 ιι
160 2383 235 2421 Hic
252 2382 352 2419 valet
367 2382 515 2433 imperii
537 2391 619 2433 post
639 2383 758 2419 tristia
776 2382 907 2420 funera
927 2386 1041 2420 vestri

175 2468 190 2482 ιι
218 2448 306 2486 Jura
323 2457 450 2486 tenere
467 2450 600 2494 armis,
627 2448 875 2500 ingenioque,
898 2448 982 2486 fide.
1006 2466 1021 2481 n

120 2513 261 2548 Annuit
282 2518 319 2546 at
336 2510 457 2547 Caesar
476 2510 577 2547 laetus
592 2539 601 2556 ,
626 2509 892 2562 Christumque
914 2520 1104 2563 precatur,

173 2573 292 2610 Mittit
310 2581 346 2610 et
361 2573 408 2609 ad
427 2572 593 2610 sobolem
609 2587 696 2610 mox
711 2573 938 2610 celebrando
957 2588 1076 2611 suani.

121 2637 306 2687 Tempore
330 2650 492 2687 namque
511 2636 578 2673 illo
597 2636 802 2674 Hludowic
827 2637 947 2674 honus
968 2638 1242 2688 Aquitanorum
1259 2668 1267 2684 ‚

177 2699 229 2737 Ut
246 2713 357 2750 supra
379 2701 495 2737 cecini
511 2729 520 2746 ‚
540 2713 654 2750 regna
672 2699 822 2738 tenebat
837 2714 966 2738 ovans.

318 2778 350 2807 l.
1306 2784 1344 2827 g

1410 167 1507 215 xcvi]
