1924 3183
428 127 504 163 150
753 126 987 163 KAROLUS
1020 127 1083 164 ET
1115 127 1512 166 KARLOMANNUS.

658 299 947 346 KAROLUS
984 299 1069 344 ΕΤ
1106 296 1600 344 KARLOMANNUS.

978 408 1281 454 DCCLXIX.

488 536 746 600 Postquam
798 533 843 579 hi
892 533 987 578 duo
1026 531 1193 578 fratres
1231 531 1352 595 patri
1394 531 1693 578 succedentes
1734 551 1837 598 reg-

424 631 541 660 num
566 613 691 659 inter
710 630 756 659 se
776 611 939 675 partiti
960 620 1071 656 sunt
1089 645 1101 666 ,
1130 609 1384 675 Aquitania
1421 609 1667 672 provincia
1685 645 1698 666 ‚
1729 627 1837 674 quae

423 693 470 738 in
490 703 667 738 sortem
684 690 874 754 majoris
890 698 1005 734 natu
1021 688 1184 735 Karoli
1205 687 1326 751 regis
1346 697 1544 733 cesserat
1562 723 1573 743 ‚
1594 704 1840 734 remanen-

422 769 550 815 tibus
576 770 625 814 in
650 786 700 815 ea
720 767 939 813 transacti
961 765 1072 812 belli
1100 766 1311 830 reliquiis
1328 801 1341 822 ,
1382 763 1714 831 conquiescere
1739 783 1836 814 non

420 847 596 910 potuit.
629 845 750 892 Nam
773 843 1021 891 Hunoldus
1047 845 1114 904 (ι)
1136 843 1329 908 quidam
1355 860 1554 907 regnum
1580 842 1800 889 affectans
1823 879 1834 898 ‚

420 923 787 988 provincialium
818 923 1002 968 animos
1043 920 1099 966 ad
1132 938 1251 968 nova
1282 920 1520 968 molienda
1561 921 1834 968 concitavit.

421 1003 597 1051 Contra
621 1019 764 1066 quem
791 1002 888 1065 ipse
905 1037 915 1056 ‚
954 1001 1027 1046 cui
1066 999 1226 1046 eadem
1260 999 1508 1063 provincia
1534 1009 1661 1046 sorte
1692 998 1839 1046 obve-

420 1090 585 1135 nerat,
622 1096 705 1125 rex
738 1078 941 1125 Karolus
967 1095 1073 1123 cum
1102 1077 1312 1124 exercitu
1348 1076 1592 1141 profectus
1626 1088 1713 1123 est.
1748 1077 1837 1123 Sed

421 1175 526 1203 cum
542 1156 705 1202 fratris
723 1156 950 1202 auxilium
972 1154 1144 1202 habere
1163 1172 1261 1201 non
1280 1166 1461 1218 posset,
1483 1156 1563 1220 qui
1582 1172 1837 1219 procerum

420 1253 617 1282 suorum
652 1252 802 1299 pravo
837 1234 1037 1281 consilio
1076 1251 1136 1280 ne
1179 1233 1225 1278 id
1260 1233 1436 1280 faceret
1470 1232 1833 1297 impediebatur,

420 1312 664 1377 colloquio
688 1322 875 1358 tantum
902 1329 1010 1358 curn
1035 1328 1090 1358 eo
1119 1310 1282 1357 habito
1308 1311 1356 1357 in
1384 1311 1490 1358 loco
1519 1312 1600 1376 qui
1634 1311 1837 1358 Duasdi-

416 1409 494 1438 ves
526 1401 742 1447 vocatur,
784 1389 932 1436 fratre
970 1390 1018 1436 in
1054 1407 1257 1454 regnum
1286 1406 1423 1435 suurn
1456 1399 1695 1436 remeante
1717 1426 1730 1447 ‚
1759 1389 1837 1436 ille

417 1468 721 1532 Egolisenam
731 1467 1003 1533 Aquitaniae
1019 1468 1257 1513 civitatem
1276 1466 1613 1530 proficiscitur,
1634 1477 1680 1513 et
1697 1467 1805 1513 inde
1820 1503 1832 1523 ‚

418 1545 678 1592 contractis
698 1545 911 1610 undique
933 1545 1104 1608 copiis,
1131 1544 1394 1608 fugientem
1415 1544 1694 1591 Hunoldum
1725 1562 1837 1608 per-

416 1624 648 1689 sequitur,
669 1623 960 1688 paulumque
988 1623 1062 1687 (2)
1089 1622 1242 1668 abfuit
1266 1623 1385 1687 quin
1411 1634 1615 1686 caperet.
1643 1622 1734 1669 Sed
1758 1623 1835 1669 ille

418 1701 588 1748 notitia
622 1701 865 1757 locorum,
910 1701 957 1746 in
1001 1700 1176 1765 quibus
1221 1701 1344 1765 regis
1387 1700 1647 1747 exercitum
1690 1701 1834 1747 latere

417 1790 604 1843 poterat
623 1814 636 1835 ‚
665 1777 891 1824 liberatus
914 1788 1007 1836 est,
1044 1778 1328 1843 dimissaque
1348 1778 1604 1843 Aquitania
1628 1779 1835 1826 VVasco-

416 1858 545 1903 niam
576 1857 714 1921 petiit
735 1892 749 1915 ,
788 1866 948 1902 tutum
971 1874 1018 1903 se
1039 1856 1104 1903 ibi
1124 1855 1230 1904 sore
1253 1856 1531 1902 arbitratus.
1569 1858 1685 1902 Erat
1718 1867 1833 1903 tunc

416 1935 715 1981 Wasconum
732 1933 827 1979 dux
845 1969 859 1991 ‚
896 1935 1057 1998 Lupus
1091 1933 1317 1989 nomine,
1352 1935 1482 1996 cujus
1518 1932 1625 1979 fidei
1653 1951 1699 1979 se
1726 1935 1833 1979 Hu-

419 2012 589 2058 noldus
611 2011 910 2058 committere
934 2028 1034 2058 non
1059 2010 1314 2057 dubitavit.
1341 2010 1415 2056 Ad
1437 2027 1581 2075 quem
1610 2028 1695 2057 rex
1716 2012 1834 2057 mis-

418 2107 462 2135 sa
482 2090 553 2153 (3)
581 2089 814 2153 legatione
831 2125 843 2146 ,
859 2087 998 2152 jubet
1020 2087 1106 2134 sibi
1139 2088 1386 2153 perfugam
1408 2088 1539 2135 reddi
1563 2124 1575 2144 ‚
1618 2087 1758 2153 idque
1783 2106 1849 2135 ea-

417 2166 694 2214 conditione
711 2177 792 2223 ut,
812 2167 903 2213 nisi
923 2166 1053 2213 dicto
1077 2166 1305 2213 obediens
1323 2165 1488 2213 fuisset
1512 2166 1603 2229 (4),
1626 2166 1768 2212 sciret
1787 2183 1833 2212 se

417 2244 543 2291 bello
561 2244 868 2292 wasconiam
894 2244 1218 2307 ingressurum
1234 2279 1247 2300 ,
1287 2261 1442 2309 neque
1471 2243 1580 2291 inde
1604 2244 1735 2307 prius
1758 2242 1831 2289 di-

463 2388 505 2431 (1)
520 2387 566 2421 D.
586 2386 699 2433 Bouq.
714 2385 927 2421 Hunlzoltus
942 2392 979 2420 et
996 2386 1046 2419 sic
1064 2385 1248 2432 deinceps.

465 2446 514 2490 (2)
530 2445 575 2480 D.
594 2445 713 2492 Bouq.
733 2447 984 2491 prosequitur,
1001 2445 1276 2491 paululumque.

463 2504 570 2549 (3)D.
590 2506 705 2552 Bouq.
722 2506 835 2539 missa
854 2506 953 2539 ocius
970 2505 1164 2551 legatione.

464 2563 516 2608 (4)
538 2564 593 2598 Ita
612 2563 723 2598 habet
748 2564 795 2598 D.
819 2564 935 2610 Bouq.
963 2563 1128 2597 Pertzius
1152 2570 1273 2597 auten]
1296 2576 1354 2607 πμ,
1383 2576 1409 2595 ι’.
1432 2575 1472 2595 eu
1498 2561 1702 2595 camlltiom·
1728 2573 1830 2594 mau-

417 2622 505 2655 data
525 2625 558 2656 si
577 2623 672 2656 diem
690 2623 846 2657 audieus
864 2623 936 2657 silu‘
950 2622 1180 2667 umusul'swl.
