1924 3183
381 158 460 196 356
896 152 1271 191 HLUDOWICUS.

381 246 430 290 in
456 244 564 290 1000
586 242 668 306 qui
693 240 749 286 ad
771 239 1136 287 Franconofurd
1160 238 1424 303 appellatur
1443 237 1539 300 ‘§¹)>
1562 238 1803 301 profectus

379 332 474 377 est,
505 318 667 383 ibique
691 316 896 381 generali
929 326 1172 363 conventu
1196 323 1510 379 congregato,
1547 315 1803 361 necessaria

380 414 584 463 quaeque
618 407 664 442 et
699 394 755 440 ad
791 394 1049 440 utilitatem
1085 392 1390 440 orientalium
1426 391 1634 455 partium
1668 392 1803 456 regni

381 475 448 520 sui
471 472 783 538 pertinentia,
808 488 940 518 more
960 470 1186 526 solemni,
1210 487 1319 515 cum
1336 467 1646 533 optimatibus
1660 505 1671 525 ‚
1686 485 1805 532 quos

381 553 439 598 ad
462 552 552 599 hoc
576 568 769 598 evocare
786 552 1014 614 jusserat,
1043 557 1244 593 tractare
1267 546 1465 592 curavit.
1494 548 1546 591 In
1568 563 1666 610 quo
1685 562 1808 592 con-

381 640 530 677 ventu
561 628 778 675 omnium
813 626 1118 674 orientalium
1152 624 1458 680 Sclavomim,
1490 623 1538 669 id
1571 635 1640 670 est
1670 623 1809 670 Abo-

383 708 648 765 drstorum,
703 704 995 752 soraborum
1013 741 1025 760 ,
1061 703 1358 749 wiltzorum
1376 738 1387 757 ,
1430 701 1773 752 Belleimorum
1791 738 1806 760 ‚

384 786 731 831 Marvanorum
754 783 822 846 (2)
839 818 850 838 ,
880 781 1358 828 Praedenecentorum
1378 815 1389 835 ,
1418 790 1463 826 et
1490 780 1538 824 in
1564 780 1807 826 Pannonia

384 861 692 909 residentium
721 859 931 904 Avarum
955 857 1211 922 legationes
1236 875 1345 903 oum
1369 855 1651 902 muneribus
1678 855 1735 902 ad
1763 873 1808 902 se

386 940 586 986 directas
604 937 783 983 audivit
799 937 886 1000 (ὃ).
904 936 1121 982 Fuerunt
1133 936 1182 980 in
1198 934 1361 981 eodem
1376 943 1614 980 conventu
1634 943 1681 980 et
1694 933 1811 998 lega-

387 1018 540 1063 tiones
562 1015 618 1061 de
642 1012 986 1069 Nortmannia,
1021 1023 1116 1058 tam
1146 1012 1202 1057 de
1233 1022 1364 1075 parte
1392 1009 1638 1057 Hariholdi
1670 1028 1813 1075 quam

387 1095 600 1143 filiorum
626 1090 909 1147 Godofridi3
937 1090 1111 1156 quibus
1136 1088 1360 1137 omnibus
1385 1088 1554 1135 auditis
1575 1106 1626 1134 ac
1651 1088 1809 1135 dimis-

388 1172 446 1217 sis
461 1207 473 1228 ,
502 1171 598 1235 ipse
620 1170 669 1215 in
690 1168 855 1217 eodem
876 1168 1008 1224 loco,
1031 1166 1317 1214 constructis
1336 1165 1392 1211 ad
1413 1165 1502 1213 1100
1524 1183 1667 1229 opere
1684 1182 1811 1213 novo

389 1248 623 1306 aedificiis,
651 1248 773 1293 sicut
796 1245 1078 1311 dispositum
1106 1244 1334 1292 habuerat
1358 1246 1451 1307 (ΔΙ),
1481 1243 1726 1291 hiemavit.

924 1378 1269 1425 DCCCXXIII.

457 1479 620 1525 Mense
652 1478 777 1524 maio
813 1488 1076 1524 conventus
1110 1477 1160 1522 in
1185 1476 1349 1524 eodem
1385 1476 1491 1523 loco
1521 1475 1734 1531 habitus,
1768 1477 1815 1523 in

392 1574 490 1623 quo
509 1573 609 1603 non
632 1556 836 1602 universi
863 1556 1073 1601 Franciae
1093 1554 1328 1618 primores
1344 1590 1357 1611 ‚
1383 1555 1461 1601 secl
1483 1554 1539 1601 (le
1561 1555 1630 1617 (5)
1653 1556 1815 1601 orien-

394 1635 475 1681 tali
494 1634 692 1681 Francia
709 1644 850 1698 atque
871 1633 1092 1688 saxonia,
1112 1633 1338 1696 Bajoaria,
1357 1632 1654 1689 Alemannia,
1677 1643 1816 1696 atque

395 1713 690 1760 Alemanniae
744 1712 1043 1758 contermina
1094 1710 1368 1776 Burgundia
1390 1749 1401 1771 7
1453 1721 1499 1757 et
1543 1709 1817 1776 regionibus

396 1793 561 1838 Hreno
600 1790 921 1854 adjacentibus
961 1789 1115 1836 adesse
1149 1790 1264 1854 jussi
1304 1800 1432 1835 sunt.
1478 1791 1531 1836 In
1563 1807 1660 1853 quo
1696 1790 1820 1836 inter

398 1879 590 1916 caeteras
612 1867 926 1915 harbarorum
954 1867 1235 1932 legationes,
1259 1885 1366 1931 quae
1385 1866 1458 1913 vel
1476 1869 1615 1931 jussae
1642 1866 1714 1913 vel
1741 1884 1820 1913 sua

399 1959 568 2012 sponte
591 1957 854 2003 venerunt,
887 1946 983 1993 duo
1003 1946 1196 2003 fratres,
1219 1962 1352 2009 reges
1375 1944 1593 1991 videlicet
1615 1945 1822 1991 Wiltzo-

399 2042 534 2080 rum,
572 2024 948 2071 controversiam
985 2023 1111 2069 inter
1138 2040 1185 2069 se
1215 2021 1271 2068 de
1300 2039 1448 2086 regno
1480 2020 1734 2078 habentes,
1765 2022 1822 2067 ad

449 2195 499 2239 (1)
526 2193 686 2227 Nuenar.
703 2204 823 2226 comes
841 2198 878 2225 et
892 2191 936 2225 D.
956 2191 1069 2237 Bouq0
1089 2191 1260 2225 Rhenum
1274 2190 1473 2224 hiematum
1486 2189 1540 2224 ad
1550 2190 1824 2238 Franconqfiwt

402 2253 603 2300 profectus.

451 2315 501 2360 (2)
527 2313 599 2348 All.
615 2313 884 2353 Moranzorunz,
904 2312 1189 2346 lllarz'lcznorum.
1206 2310 1280 2354 Qui
1297 2309 1407 2344 etiam
1430 2322 1450 2343 a
1469 2310 1655 2345 coaetaneis
1673 2310 1823 2356 scripto-

405 2375 507 2409 ribus
528 2372 648 2407 adhuc
667 2378 843 2406 vocantur
861 2387 866 2404 :
888 2371 1150 2413 Maralzabitoe,
1169 2370 1432 2412 BIarahmzses,
1453 2369 1612 2403 Illaravi.

453 2432 502 2479 (5)
529 2433 574 2466 D.
596 2432 711 2478 Bouq.
728 2443 812 2464 cum
829 2430 948 2464 Buen.
966 2442 1057 2464 com.
1079 2430 1292 2465 nzzcnerz'hus
1307 2429 1359 2463 ad
1372 2442 1410 2463 se
1426 2431 1546 2463 missis
1564 2430 1719 2474 excepit.

454 2497 505 2535 (4)
532 2492 650 2526 Iidem
668 2507 673 2524 :
697 2492 915 2525 constructis
929 2489 981 2524 [td
1003 2490 1069 2524 hoc
1083 2491 1300 2524 necessariis
1320 2488 1487 2536 (edificiis
1502 2490 1619 2531 novis,
1647 2487 1825 2534 quemad-

409 2553 555 2588 modum
569 2564 691 2586 secum
708 2557 906 2592 statuerat,
931 2550 1115 2584 hiemavit.

454 2615 465 2653 ζ
468 2613 503 2658 5)
530 2612 646 2647 Iidem
666 2628 672 2645 τ
700 2624 772 2646 non
794 2613 974 2646 universoe
998 2611 1170 2646 Francioe
1193 2613 1390 2656 primores,
1417 2608 1485 2643 sed
1508 2608 1554 2642 de
1578 2622 1610 2643 0.
1634 2628 1680 2634 —
1705 2607 1823 2644 Codd.

409 2673 622 2708 Vindobon.
648 2684 710 2705 110
725 2678 842 2718 01990
870 2688 876 2704 :
901 2685 972 2706 non
995 2673 1110 2706 solum
1138 2674 1298 2706 universi
1320 2671 1362 2705 F.
1385 2684 1421 2715 p.
1449 2669 1516 2704 sed
1534 2676 1567 2703 et
1587 2669 1631 2702 de
1649 2682 1679 2703 0.
