1924 3183
416 180 486 215 108
745 173 867 211 VITA
899 173 1091 211 KAROLI
1126 172 1486 210 IMPERATORIS.

413 286 434 307 «
465 265 660 328 aliisque
690 261 892 310 metallis
922 279 1023 307 vasa
1054 272 1195 325 atque
1218 261 1458 307 ustensilia
1486 278 1594 307 cum
1617 262 1759 307 armis
1783 272 1829 308 et
1852 273 1855 276 ’

413 365 432 386 «
462 340 686 398 vestibus,
706 339 910 404 alioque,
931 349 1011 384 aut
1032 338 1240 402 pretioso
1260 347 1341 383 aut
1356 338 1456 394 vili,
1475 337 1531 384 ad
1548 339 1703 386 varios
1723 357 1830 385 usus

414 441 433 461 «
466 418 592 464 facto
615 416 914 481 supellectili,
936 426 990 461 ut
1016 425 1128 460 sunt
1152 414 1372 471 cortinae,
1395 414 1617 480 stragula,
1636 415 1827 479 tapetia,

416 518 437 540 «
466 496 590 543 filtra
617 497 688 560 (ι)
704 531 716 552 ,
741 495 894 551 coria,
923 503 1124 559 sagmata
1140 529 1152 549 ‚
1177 503 1223 540 et
1241 491 1468 557 quicquid
1489 493 1538 538 in
1565 510 1746 539 camera
1765 503 1832 538 at-

421 597 440 617 «
473 592 565 638 que
590 574 809 621 vestiario
830 574 925 636 ejus
950 589 1007 619 eo
1024 571 1099 617 die
1116 570 1280 617 fuisset
1299 570 1576 629 inventum,
1596 581 1650 616 ut
1668 588 1725 617 ex
1744 569 1833 617 hoc

417 674 438 695 «
466 653 664 715 majores
691 650 816 696 illius
844 650 993 713 partis
1023 648 1276 695 divisiones
1310 647 1504 704 fierent,
1542 657 1589 694 et
1623 649 1835 712 erogatio

420 751 443 773 «
472 729 769 776 eleemosinae
788 726 844 772 ad
863 727 1020 791 plures
1040 727 1288 790 pervenire
1310 725 1557 790 potu-isset.
1576 726 1831 790 Capellam,

419 830 439 851 «
470 807 515 853 id
538 818 606 854 est
631 805 993 853 ecclesiasticum
1019 804 1339 851 ministerium
1357 839 1370 860 ‚
1400 803 1559 850 tamid
1587 804 1715 868 quod
1740 804 1837 868 ipse

419 907 440 928 «
471 883 583 931 fecit
607 895 750 948 atque
772 881 1103 946 congregavit,
1133 899 1277 946 quam
1309 881 1440 946 quod
1462 881 1518 927 ad
1538 899 1646 928 eum
1672 899 1727 928 ex
1747 899 1837 945 pa—

423 982 444 1005 «
475 972 610 1007 terna
632 959 892 1006 hereditate
912 962 1157 1023 pervenit,
1185 968 1239 1003 ut
1264 959 1503 1023 integrum
1522 968 1663 1015 esset,
1686 975 1840 1023 neque

422 1060 442 1082 «
474 1038 566 1083 ulla
591 1037 822 1083 divisione
856 1035 1178 1092 scinderetur,
1205 1035 1456 1081 ordinavit.
1488 1036 1533 1081 Si
1566 1053 1657 1100 qua
1682 1047 1839 1082 autem

419 1137 439 1158 «
471 1114 803 1161 invenirentur
827 1123 909 1159 aut
931 1131 1034 1159 vasa
1067 1123 1147 1158 aut
1172 1111 1283 1158 libri
1305 1123 1386 1158 aut
1409 1113 1495 1158 alia
1529 1123 1837 1170 ornamenta,

423 1214 443 1235 «
474 1209 582 1256 quae
615 1190 798 1255 liquido
829 1200 1069 1237 constaret
1094 1189 1246 1236 eidem
1271 1190 1460 1254 capellae
1494 1190 1553 1236 ab
1579 1208 1634 1238 eo
1672 1191 1841 1237 collata

422 1290 443 1312 α
471 1287 571 1316 non
596 1268 739 1315 fuisse
756 1304 768 1325 ,
794 1269 893 1314 haec
913 1268 995 1332 qui
1023 1267 1198 1314 hahere
1227 1267 1393 1324 vellet,
1417 1269 1527 1316 dato
1553 1271 1694 1332 justae
1714 1269 1843 1315 aesti-

421 1369 441 1389 «
472 1347 693 1394 mationis
720 1347 906 1411 pretio,
936 1356 1114 1392 emeret
1138 1356 1185 1392 et
1215 1345 1426 1393 haberet.
1454 1348 1686 1394 Similiter
1714 1358 1761 1394 et
1784 1348 1842 1394 de

426 1445 446 1466 «
478 1421 612 1468 libris
630 1459 644 1481 ,
671 1440 881 1488 quorum
912 1440 1129 1487 magnam
1164 1424 1213 1469 in
1231 1421 1520 1470 bibliotheca
1555 1442 1634 1470 sua
1661 1424 1845 1488 copiam

426 1521 447 1542 «
477 1500 781 1565 congregavit
808 1500 910 1563 (2),
951 1500 1142 1555 statuit,
1170 1509 1223 1544 ut
1251 1498 1310 1544 ab
1347 1498 1417 1545 his
1448 1500 1531 1565 qui
1565 1518 1643 1547 eos
1673 1499 1845 1547 habere

425 1597 448 1620 «
477 1577 672 1634 vellent,
693 1579 825 1641 justo
850 1578 1006 1640 pretio
1030 1576 1232 1624 fuissent
1257 1576 1516 1641 redempti,
1543 1579 1846 1643 pretiumque

427 1677 449 1699 «
479 1656 526 1701 in
557 1673 785 1720 pauperes
811 1656 881 1719 (3)
916 1665 1179 1720 erogatum.
1216 1657 1347 1702 Inter
1373 1666 1569 1702 caeteros
1602 1655 1846 1702 thesauros

429 1754 450 1777 «
480 1743 620 1797 atque
660 1734 878 1797 pecunias
924 1744 1018 1780 tres
1058 1751 1238 1780 mensas
1282 1744 1525 1798 argenteas
1567 1745 1614 1780 et
1658 1753 1847 1781 auream

429 1834 450 1855 «
481 1829 625 1857 unam
651 1814 908 1876 praecipuae
929 1811 1270 1876 magnitudinis
1294 1822 1339 1858 et
1362 1812 1586 1876 ponderis
1607 1830 1702 1859 esse
1727 1830 1848 1858 con-

431 1909 453 1931 «
482 1898 589 1934 stat.
614 1888 682 1935 De
701 1888 876 1953 quibus
899 1891 1064 1934 statuit
1085 1899 1225 1952 atque
1240 1889 1476 1947 decrevit,
1498 1899 1550 1934 ut
1569 1907 1661 1935 una
1682 1907 1736 1936 ex
1757 1888 1844 1945 his,

432 1985 454 2007 «
481 1982 588 2027 quae
612 1964 768 2011 forma
793 1964 1116 2030 quadrangula
1131 2000 1144 2021 ,
1171 1964 1539 2028 descriptionem
1561 1964 1692 2011 urbis
1716 1965 1849 2012 Con-

431 2062 454 2086 «
485 2043 924 2106 stantinopolitanae
945 2043 1179 2099 continet,
1199 2042 1324 2088 inter
1343 2052 1510 2088 caetera
1527 2041 1718 2088 donaria
1739 2060 1848 2107 quae

436 2140 456 2162 «
485 2119 542 2164 ad
576 2118 667 2165 hoc
704 2119 925 2183 deputata
960 2129 1100 2176 sunt,
1140 2120 1340 2165 Romam
1370 2118 1425 2164 ad
1453 2117 1691 2164 basilicam
1723 2118 1847 2165 beati

434 2216 456 2239 «
484 2197 608 2242 Petri
639 2196 840 2260 apostoli
872 2195 1137 2252 deferatur,
1168 2207 1214 2243 et
1244 2196 1415 2253 altera,
1448 2214 1556 2261 quae
1588 2196 1742 2243 forma
1767 2215 1850 2244 ro-

436 2296 457 2318 «
487 2275 651 2335 wuda,
672 2277 900 2322 Romanae
921 2274 1051 2320 urbis
1069 2275 1216 2339 effigie
1231 2274 1449 2321 decorata
1469 2275 1543 2338 (4)
1564 2285 1632 2321 est
1647 2311 1658 2330 ,
1677 2276 1850 2339 episco-

478 2451 528 2495 (1)
553 2450 716 2484 Nuenar.
735 2462 855 2484 comes
873 2449 1037 2497 :salet-a.

478 2511 528 2555 (2)
553 2510 671 2545 Codd.
695 2510 787 2557 Reg.
818 2511 930 2545 Paris.
956 2510 1058 2558 4877,
1082 2509 1188 2558 5997,
1211 2508 1304 2557 5999
1325 2515 1361 2543 et
1378 2507 1592 2544 Vindobon.
1620 2507 1660 2542 16
1680 2524 1686 2541 z
1709 2511 1850 2553 copiam

436 2569 594 2603 habebat
610 2577 885 2617 congregatam.

482 2628 530 2672 (3)
556 2630 614 2663 Sic
634 2631 675 2663 D.
694 2631 808 2677 Bouq.
831 2643 914 2664 cum
931 2630 1077 2676 plerisq.
1097 2628 1225 2671 codd.;
1246 2629 1349 2662 Pertz
1373 2643 1377 2660 z
1398 2627 1634 2671 patqierilnm

483 2688 531 2732 (4)
559 2688 714 2722 Dumlcv.
740 2688 1049 2733 rodd.figurala;
1069 2689 1228 2723 Nuenai‘,
1253 2699 1345 2722 coni.
1368 2688 1554 2730 insignita.
