2043 3193
425 122 737 161 TESTIMONIA
767 122 835 161 DE
864 122 1145 160 EINHARDO.
1326 164 1332 174 x
1409 128 1496 177 xciij

82 208 159 245 lieri
188 205 421 243 decrevimus
444 219 453 241 ε
478 219 545 256 per
564 205 665 257 quod
693 205 931 256 praecipimus
951 212 1065 255 atque
1092 204 1267 254 jubemus
1295 214 1336 243 ut
1363 206 1493 245 nullus

80 269 194 320 judex
217 267 416 319 publicus,
443 276 511 305 etc.

132 331 242 368 Hauc
274 331 400 381 itaque
431 331 693 368 auctoritatem
712 358 721 375 ‚
749 338 790 367 ut
810 329 1018 380 pleniorem
1045 329 1081 366 in
1104 328 1176 366 Dei
1210 332 1362 368 nomine
1393 331 1495 370 obti-

80 402 164 431 neat
186 393 400 430 firmitatem
421 401 457 431 et
477 408 496 430 a
513 393 688 430 fidelibus
705 379 842 429 sauctae
861 390 930 428 Dei
951 391 1118 428 ccclesiae
1140 399 1178 428 et
1197 393 1350 438 nostris,
1369 394 1496 432 verius

79 457 291 507 certiusque
312 456 486 493 credatur
516 464 553 493 et
578 455 795 506 diligentius
815 462 1075 501 conservetur,
1096 468 1211 491 manu
1232 455 1385 506 propria
1402 456 1495 493 suh-

77 520 367 558 terfirmavimus
380 549 389 566 ‚
408 527 444 557 et
462 518 596 556 annuli
617 518 736 556 nostri
757 517 1005 569 impressione
1023 517 1166 569 signari
1188 517 1382 567 jussimus,

133 582 230 619 Data
248 581 372 619 idibus
391 581 546 633 Aprilis,
561 595 678 626 anno,
699 579 847 617 Christo
870 580 1052 632 propitio,
1071 579 1227 632 Imperii
1240 582 1358 618 nostri
1372 590 1493 625 sexto,

81 644 296 681 Indictione
316 657 386 680 xu.
418 645 555 683 Actum
584 643 835 694 Aquisgrani,
857 643 996 695 palatio
1018 643 1143 695 regio,
1171 643 1210 680 in
1238 643 1309 681 Dei
1338 645 1492 681 nomine

78 707 246 744 feliciter.
272 709 409 746 Amen.

128 771 284 822 Signum
306 769 524 807 Hludowici
545 770 775 807 serenissimi
798 769 1049 821 imperatoris.

312 881 372 913 111.
399 879 646 913 PRAEFATIO
670 878 860 913 CODICIS
884 878 1247 913 HANNOVERANI

139 958 219 989 otim
238 956 510 1001 congregationis
526 955 842 990 sanctimonialium
859 956 893 988 in
912 956 1117 999 VVittingen
1130 981 1138 995 ,
1159 955 1438 1000 Luneburgensis

629 1008 846 1051 principatus
865 1011 925 1051 (ι).

396 1131 497 1151 GESTA
523 1131 646 1151 runnu
673 1131 775 1151 1⁵1onss
803 1130 982 1151 SECUNDUM
1008 1130 1158 1150 stultum!

439 1208 477 1228 ex
499 1196 638 1228 cronica
656 1195 693 1229 S.
712 1195 843 1228 Albani
860 1195 1126 1239 Magunciensis.

133 1312 148 1327 «ι
174 1292 441 1330 Gloriosissimi
474 1292 708 1343 imperatoris
734 1291 865 1329 Karoli
892 1291 1024 1343 Magni
1050 1292 1167 1329 vitam
1193 1299 1229 1329 et
1258 1300 1361 1343 gesta
1396 1289 1494 1328 Ein-

76 1356 219 1401 hamus,
242 1356 299 1392 vir
322 1357 419 1393 inter
437 1369 568 1392 omues
594 1355 708 1405 hujus
738 1354 916 1407 temporis
950 1354 1154 1405 palatium,
1184 1368 1259 1391 non
1282 1353 1401 1391 solum
1426 1367 1494 1404 pro

75 1420 228 1457 scientia
253 1434 376 1457 rerum
399 1427 435 1456 ct
465 1433 533 1470 pro
561 1419 736 1456 universa
765 1433 913 1456 morum
943 1417 1163 1464 honestate,
1193 1417 1318 1455 laudis
1344 1418 1494 1468 egregie

76 1482 317 1533 descripsisse
337 1483 576 1532 cognoscitur
599 1490 635 1518 et
656 1481 856 1533 purissime
876 1480 1065 1526 veritatis,
1081 1488 1212 1532 utpote
1233 1479 1372 1531 quibus
1399 1494 1496 1530 pene

76 1545 251 1582 omuibus
283 1545 475 1591 interfuit,
505 1545 722 1582 testimonio
754 1544 964 1581 roborasse.
986 1543 1105 1580 Natus
1127 1543 1289 1580 enimin
1323 1542 1495 1580 orientali

78 1608 257 1652 Francia,
281 1609 317 1646 in
343 1623 438 1659 pago
464 1608 529 1659 qui
559 1607 697 1645 (licitur
724 1607 952 1659 Moingcwi;
978 1608 1015 1643 in
1041 1606 1219 1644 Fuldeusi
1241 1606 1401 1644 cenobio
1426 1606 1496 1643 sub

79 1671 286 1724 pedagogio
303 1672 424 1709 sancti
438 1671 620 1709 Bonisacii
636 1671 813 1722 martyris
830 1671 951 1722 prima
971 1669 1186 1708 rudimenta
1201 1671 1380 1721 suscepit.
1399 1669 1496 1707 Inde

77 1751 95 1773 a
118 1735 299 1787 Baugolfo
319 1738 371 1784 (2)
394 1735 528 1772 abbate
547 1735 765 1772 monasterii
785 1734 837 1784 (3)
862 1733 1069 1785 supradicti
1091 1734 1129 1770 iu
1149 1733 1337 1784 palacium
1359 1732 1495 1770 Karoli

76 1799 278 1836 translatus
314 1807 368 1836 est
375 1827 457 1837 .....
492 1798 669 1849 Sequitur
698 1812 798 1835 nunc
820 1811 933 1843 vern,
959 1796 1218 1835 relabentibus
1245 1797 1282 1834 in
1309 1798 1496 1834 contraria

78 1861 225 1906 studiis,
244 1861 372 1898 lumen
392 1861 597 1912 sapiencie,
614 1861 715 1912 quod
735 1861 861 1898 minus
877 1860 1063 1912 diligitur,
1082 1863 1237 1898 rarescit
1251 1861 1288 1897 in
1306 1860 1496 1912 plurimis.

79 1925 271 1962 Prodictus
289 1925 415 1976 itaque
434 1925 638 1962 homuncio
657 1953 667 1971 ‚
692 1940 778 1962 nam
800 1934 942 1963 statura
962 1924 1204 1976 despicabilis
1224 1923 1438 1970 videbatur,
1457 1924 1494 1961 iu

78 1989 164 2026 aula
184 1989 315 2025 Karoli
331 2018 341 2035 ,
359 1990 535 2026 amatoris
556 1990 767 2040 sapiencie,
791 1998 936 2027 tautum
956 1989 1073 2041 glorIe
1094 1988 1317 2026 incrementi
1332 2020 1342 2038 ‚
1363 1988 1498 2025 merito

80 2051 285 2103 prudencie
303 2060 338 2089 ct
354 2052 549 2102 probitatis
570 2061 625 2089 est
645 2062 851 2099 assecutus,
872 2062 911 2090 ut
932 2055 1029 2090 inter
1050 2066 1181 2089 omncs
1200 2052 1301 2103 regie
1319 2052 1499 2102 majesta-

81 2116 123 2151 tis
144 2115 335 2152 ministros
357 2130 453 2166 pene
473 2130 570 2152 uuus
590 2115 792 2153 haberetur
819 2117 878 2153 cui
904 2130 969 2153 rex
985 2145 995 2161 ,
1017 2115 1056 2152 id
1076 2115 1257 2166 temporis
1278 2115 1501 2166 potentissi-

80 2192 161 2214 mus
183 2186 217 2214 ct
260 2178 558 2229 sapientissimus
574 2208 584 2222 ‚
619 2179 780 2229 plurima
819 2179 1085 2216 familiaritatis
1122 2192 1188 2216 sue
1218 2186 1361 2215 secreta
1393 2192 1499 2214 com-

81 2241 270 2285 mitteret,
301 2250 424 2279 etc....
461 2241 545 2278 Hec
587 2241 747 2279 dicimus
781 2250 822 2279 ut
854 2243 891 2279 iu
928 2241 1038 2279 dictis
1065 2242 1147 2292 ejus
1183 2241 1308 2278 minus
1337 2241 1498 2292 quisque

83 2304 218 2343 habeat
239 2304 505 2342 ‹lubitncionis.

126 2469 170 2508 (ι)
186 2467 282 2500 Nous
295 2467 541 2509 reproduisons
558 2474 649 2500 cette
666 2468 801 2510 prc'face
818 2467 1065 2500 lium-alement
1080 2466 1213 2508 ‹l'aprcs
1231 2466 1261 2498 lc
1280 2473 1370 2498 texte
1386 2466 1499 2498 ‹lonne'

85 2529 144 2560 par
163 2518 212 2550 Μ.
229 2519 338 2557 pertz,
356 2517 520 2562 Scripmr.
542 2526 625 2551 tom.
643 2520 689 2558 11,
704 2531 781 2562 pag.
800 2520 873 2562 440,
894 2526 965 2551 not.

126 2572 173 2611 (α)
188 2570 275 2602 le.
291 2573 330 2600 ab
342 2573 444 2612 Augu!
459 2574 485 2601 b.
504 2589 546 2594 —
567 2571 767 2613 Raugolfus,
787 2582 984 2604 successeur
1001 2570 1044 2602 de
1063 2569 1254 2609 Sturmius,
1273 2579 1446 2611 gouverna
1469 2569 1499 2601 le

86 2622 275 2654 monaste-re
293 2622 336 2654 de
352 2623 478 2660 Fumo,
494 2623 536 2655 (le
553 2635 616 2666 779
632 2624 648 2655 :³1
666 2624 739 2656 807.

127 2675 175 2715 (3)
192 2674 278 2706 Conl.
296 2678 488 2707 monasterio.
