1924 3183
435 152 510 187 192
1016 146 1267 185 RAROLUS.

424 236 623 300 jugitate
665 234 932 298 pluviarum
975 233 1267 290 acciderant,
1314 235 1513 281 transire
1553 252 1651 282 non
1694 254 1843 300 posse.

432 312 616 359 Idcirco
641 312 732 358 iter
763 312 810 357 in
836 310 1150 376 Thuringiam
1176 311 1441 367 convertit,
1464 322 1511 358 et
1534 311 1687 358 filium
1712 331 1847 363 suum

432 391 663 438 Karolum
698 407 805 436 cum
833 399 967 453 parte
1004 389 1236 436 exercitus
1274 389 1324 434 in
1355 388 1704 437 Westfalorum
1736 391 1851 438 fmi-

430 467 517 514 hus
556 467 713 515 sedere
755 467 828 531 (1)
852 467 1007 531 jussit.
1044 468 1146 530 Ipse
1185 483 1270 530 per
1305 464 1620 532 Thuringiam
1659 468 1749 515 iter
1784 467 1850 515 fa-

431 548 556 594 ciens
572 547 659 610 (2),
682 546 879 593 venitin
900 546 1178 609 campestria
1195 545 1431 601 saxoniae,
1451 563 1559 609 quae
1578 544 1686 591 Albi
1707 556 1847 611 atque

430 625 548 671 Salae
573 622 852 670 fluminibus
870 623 1099 686 adjacent,
1122 622 1514 687 depopulatisque
1539 622 1847 670 orientalium

429 702 671 748 Saxonum
710 700 831 764 agris
873 716 925 744 ac
966 698 1089 745 villis
1124 699 1351 756 incensis,
1385 698 1442 759 de
1480 697 1736 764 Scahningi
1779 700 1845 763 (ὅ)

427 808 490 814 ——
515 779 605 826 hoc
627 779 734 826 loco
758 795 934 825 nomen
963 788 1062 823 erat
1081 806 1142 813 —-
1165 777 1235 840 (4)
1267 778 1313 822 111
1340 777 1588 823 Franciam
1614 795 1848 842 regressus

429 868 513 904 est.
535 856 738 904 Karolus
760 873 873 902 vero
892 854 1016 901 filius
1035 856 1150 918 ejus,
1174 872 1283 900 cum
1304 855 1341 902 ei
1366 855 1456 901 iter
1473 856 1628 919 agenti
1657 855 1707 902 in
1730 873 1850 920 pago

428 933 625 997 Draigni
647 932 720 996 (5)
742 934 875 995 juxta
893 931 1109 994 Lippiam
1126 931 1326 978 fluvium
1345 932 1587 978 Saxonum
1611 933 1849 978 occurris-

430 1022 499 1059 set
519 1011 771 1066 exercitus'‚
796 1010 1049 1057 commisso
1067 1027 1174 1055 cum
1197 1011 1261 1056 eis
1280 1010 1486 1075 equestri
1510 1010 1703 1074 praelio,
1724 1010 1849 1058 felici

428 1108 480 1136 ac
499 1106 730 1153 prospero
751 1097 925 1134 eventu
943 1087 1211 1144 dimicavit3
1242 1106 1352 1134 nam
1372 1105 1545 1153 magno
1577 1105 1744 1135 eorum
1764 1106 1849 1135 nu-

428 1185 561 1214 mero
588 1167 867 1223 interfecto,
899 1167 1082 1213 caeteris
1097 1167 1164 1229 (6)
1193 1167 1240 1211 111
1265 1166 1444 1213 diversa
1466 1166 1663 1231 fugatis,
1693 1167 1849 1214 victor

427 1245 483 1290 ad
507 1255 691 1308 patrem
711 1243 1038 1290 wormaciam
1058 1260 1270 1289 reversus
1296 1254 1381 1290 est.
1404 1244 1504 1290 Rex
1528 1253 1712 1300 autem,
1737 1261 1849 1291 con-

427 1332 620 1386 gregato
647 1321 820 1367 iterum
845 1320 1081 1378 exercitu,
1118 1321 1165 1366 in
1194 1320 1447 1367 Saxoniam
1480 1320 1725 1384 profectus
1751 1331 1846 1378 est,

430 1398 763 1463 celebratoque
788 1399 837 1443 in
860 1399 1021 1445 castris
1041 1398 1262 1445 natalicio
1278 1399 1473 1446 Domini
1491 1398 1566 1446 die
1583 1417 1724 1464 super
1741 1400 1851 1447 Am-

430 1479 568 1525 bram
607 1477 808 1523 fluvium
845 1478 894 1523 in
932 1493 1053 1542 pago
1087 1481 1351 1542 Huettagoe
1383 1478 1454 1542 (7)
1484 1480 1620 1542 juxta
1646 1487 1852 1524 castrum

429 1559 671 1604 Saxonum
692 1553 820 1619 quod
836 1554 1012 1600 dicitur
1036 1553 1436 1619 Skid1¹oburg(8)‚
1465 1555 1522 1601 ad
1545 1555 1704 1602 locum
1726 1573 1852 1603 voca-

430 1634 546 1680 bulo
563 1633 686 1678 Rimi
710 1632 803 1696 (9),
832 1632 881 1677 111
905 1648 1002 1695 quo
1020 1633 1216 1678 Wisura
1238 1644 1283 1678 et
1303 1631 1546 1679 Waharna
1568 1632 1846 1690 confluunt,

431 1709 796 1776 populabundus
816 1710 1024 1755 accessit.
1053 1709 1267 1774 Cumque
1287 1727 1396 1756 eum
1410 1709 1607 1756 ulterius
1626 1709 1846 1774 progredi

432 1799 528 1833 tam
555 1786 765 1832 hiemalis
789 1786 1015 1849 temporis
1038 1786 1259 1849 asperitas
1282 1803 1425 1851 quam
1458 1804 1686 1851 aquarum
1709 1786 1849 1832 inun-

430 1864 559 1910 datio
592 1861 899 1927 prohiberet,
943 1861 1284 1926 AEresburgum
1327 1873 1531 1908 castrum
1565 1863 1612 1909 in
1649 1861 1848 1909 hiberna

434 1941 679 1988 concessit.

480 2135 528 2178 (1)
555 2133 716 2166 Nuenar.
736 2140 857 2163 comes
877 2144 882 2161 ·.
908 2128 1118 2162 subsistere.

480 2197 530 2238 (2)
556 2191 740 2228 Freherus
761 2205 765 2222 :
788 2191 858 2222 iter
874 2201 1002 2234 agens.

478 2253 528 2300 (5)
553 2252 623 2287 All.
648 2251 842 2295 Scaningi,
865 2248 1062 2294 Scam'gni‚
1087 2246 1309 2292 Schaningi,
1333 2246 1555 2292 Sclzanitzge.

478 2315 527 2358 (4)
551 2312 615 2346 Hae
633 2322 753 2351 voces,
774 2309 870 2342 inter
884 2307 1132 2354 parenthesim
1148 2306 1304 2349 inclusae,
1325 2305 1458 2340 desunt
1473 2304 1571 2352 apud
1586 2304 1629 2338 D.
1646 2304 1757 2351 Bouq.
1775 2303 1846 2338 Hic
1870 2329 1876 2335 .

432 2374 615 2409 Freherus
631 2369 745 2404 habet
764 2385 770 2402 τ
793 2368 858 2402 lmc
877 2370 971 2401 enim
991 2373 1069 2401 erat
1087 2379 1217 2401 nomen
1235 2367 1314 2401 loc-i.

479 2432 529 2477 (5)
556 2430 737 2466 Freherus
758 2444 763 2461 z
786 2428 942 2473 Daz'grm.

480 2492 529 2537 (6)
555 2490 716 2524 Nuenar.
738 2499 856 2522 comcs
875 2503 879 2520 z
906 2488 1053 2521 exteris.

482 2552 530 2598 (7)
555 2549 648 2584 Cod.
666 2546 879 2583 vindobon.
898 2558 966 2593 990
985 2562 990 2579 z
1022 2544 1223 2589 Jlsettagoe.

479 2612 527 2653 (ὅ)
556 2608 623 2643 All.
650 2606 880 2651 Kidrobm‘g.
906 2605 1159 2649 Skridolmrgs
1177 2602 1424 2646 Delcidobnrg.

479 2674 525 2714 (973
554 2668 762 2702 Frelwrus:
791 2666 895 2699 lf'nm.
