2043 3193
549 220 598 255 58
882 215 1006 254 VITA
1036 215 1231 254 KAROLI
1262 215 1621 256 IMPERATORIS.

554 303 751 359 maniae,
780 312 882 350 toto
905 303 1048 350 etiam
1071 303 1217 350 ltaliae
1241 303 1404 351 littore
1426 321 1573 369 usque
1605 305 1831 365 Romam,
1855 325 1960 356 con-

550 392 621 426 tra
653 381 844 428 Mauros
874 399 1027 446 nuper
1058 382 1320 447 pyraticam
1356 400 1572 430 exercere
1610 401 1871 448 aggressos,
1910 406 1962 434 ac

550 474 636 521 per
676 455 767 504 hoc
806 457 944 505 nullo
987 460 1116 523 gravi
1155 458 1362 524 dampno
1400 459 1474 506 vel
1512 458 1643 506 Italia
1685 478 1711 506 a
1751 462 1958 521 Mauris,

550 535 623 582 vel
647 534 797 581 Gallia
824 547 962 600 atque
988 536 1240 583 Germania
1271 555 1295 582 a
1328 536 1640 584 Nortmannis
1671 537 1835 585 diebus
1870 541 1962 587 suis

547 612 712 659 affecta
736 622 805 659 est
822 648 835 669 ,
873 623 1048 676 praeter
1075 613 1205 678 quod
1237 614 1598 672 Centumcellae,
1631 615 1791 662 civitas
1815 617 1964 664 Etru-

553 691 636 736 riae
656 691 744 753 (ι),
768 707 853 754 per
877 690 1200 754 proditionem
1221 709 1245 737 a
1269 693 1447 739 Mauris
1475 704 1607 757 capta
1631 703 1772 758 atque
1789 705 1963 742 vastata

551 779 644 826 est,
689 780 734 815 et
774 770 821 815 in
863 770 1011 816 Frisia
1046 770 1262 834 quaedam
1297 771 1463 817 insulae
1497 771 1783 819 Germanico
1812 772 1963 821 littori

553 848 789 911 contiguae
817 865 841 892 a
865 847 1176 894 Nortmannis
1199 848 1478 913 depraedatae
1503 860 1629 895 sunt.

619 1003 794 1051 XVIII.
830 1004 992 1051 Talem
1014 1004 1084 1068 (2)
1109 1021 1217 1051 eum
1239 1005 1287 1050 in
1317 1003 1493 1051 tuendo
1518 1015 1565 1051 et
1593 1003 1863 1068 ampliando
1895 1003 1964 1066 (3)

552 1081 786 1145 simulque
823 1080 1039 1128 ornando
1068 1097 1217 1145 regno
1245 1080 1387 1127 fuisse
1418 1091 1619 1128 constat.
1654 1081 1797 1145 Cujus
1820 1076 1965 1126 animi

549 1157 710 1215 dotes,
745 1170 792 1205 et
831 1176 1064 1204 summam
1100 1159 1149 1204 in
1187 1158 1544 1223 qualicumque,
1581 1169 1628 1206 et
1657 1175 1886 1223 prospero
1918 1167 1965 1205 et

549 1235 769 1293 adverso,
805 1247 981 1284 eventu
1005 1237 1167 1282 mirari
1193 1237 1330 1283 liceat
1356 1237 1425 1300 (4)
1453 1238 1784 1285 constantiam.
1811 1238 1966 1284 Caete-

550 1330 695 1377 raque
735 1313 792 1359 ad
822 1313 1102 1360 interiorem
1132 1323 1273 1377 atque
1309 1314 1615 1361 domesticam
1640 1315 1784 1360 vitam
1815 1314 1967 1378 perti-

548 1389 709 1436 nentia
732 1391 832 1453 jam
856 1388 914 1435 ab
939 1391 1051 1437 hinc
1075 1390 1230 1439 dicere
1255 1391 1472 1439 exordiar
1499 1392 1589 1456 (5).

612 1470 724 1514 Post
754 1479 961 1515 mortem
1000 1469 1146 1533 patris
1182 1487 1289 1515 cum
1326 1468 1473 1516 fratre
1511 1487 1711 1534 regnum
1736 1470 1962 1533 partitus,

554 1554 681 1589 tanta
702 1545 927 1608 patientia
947 1546 1019 1608 (6)
1044 1545 1303 1592 simultates
1327 1556 1372 1593 et
1398 1546 1622 1593 invidiam
1642 1549 1738 1611 ejus
1755 1546 1892 1605 tulit,
1913 1557 1967 1592 ut

552 1621 775 1668 omnibus
816 1623 992 1669 mirum
1032 1624 1289 1680 videretur,
1331 1624 1461 1688 quod
1489 1642 1550 1671 ne
1588 1623 1645 1670 ad
1678 1623 1967 1671 iracundiam

555 1700 747 1764 quidem
766 1701 825 1747 ab
848 1718 905 1748 eo
924 1703 1171 1765 provocari
1196 1703 1442 1766 potuisset.
1465 1702 1646 1749 Deinde
1670 1720 1778 1748 cum
1802 1702 1966 1747 matris

554 1778 745 1824 hortatu
770 1779 911 1825 filiam
933 1780 1158 1827 Desiderii
1176 1817 1187 1835 ,
1206 1781 1327 1845 regis
1349 1779 1789 1845 Langobardorum,
1809 1778 1964 1825 duxis-

554 1866 623 1903 set
647 1873 842 1904 uxorem
857 1893 871 1915 ,
898 1857 1135 1904 incertum
1152 1875 1244 1922 qua
1268 1856 1325 1904 de
1351 1875 1482 1904 causa
1497 1893 1510 1914 ,
1538 1867 1645 1921 post
1667 1874 1846 1902 annum
1865 1873 1967 1902 eam

552 1932 815 1997 repudiavit
830 1969 842 1990 ,
866 1944 912 1980 et
928 1934 1256 1998 Hildegardem
1276 1935 1348 1998 (7)
1370 1934 1426 1980 de
1444 1944 1583 1999 gente
1599 1935 1862 1980 Suavorum
1873 1933 1963 1996 (8),

599 2138 649 2181 (ι)
676 2137 837 2171 Nuenar.
857 2149 977 2172 comes
996 2151 1000 2167 1
1021 2137 1230 2172 Hetruriae.

597 2197 647 2240 (2)
673 2196 730 2231 Cf.
751 2197 853 2232 Suet.
872 2198 970 2244 Aug.
992 2210 1023 2232 c.
1043 2197 1101 2232 61.

598 2253 647 2300 (5)
676 2255 767 2291 Cod.
791 2257 1004 2292 Vindobon.
1030 2257 1070 2292 16
1092 2274 1097 2291 z
1120 2258 1392 2305 amplgficando.

597 2314 648 2359 (4)
672 2315 810 2349 [Mirari
826 2316 952 2360 liceat,
974 2317 1012 2351 in
1027 2316 1109 2351 cod.
1126 2317 1337 2352 Vindobon.
1354 2316 1434 2364 667,
1455 2316 1582 2351 eadem
1596 2327 1706 2350 manu
1723 2314 1825 2348 lineae
1839 2325 1965 2360 super-

552 2373 765 2419 impositum
793 2374 952 2421 legitur3
978 2375 1079 2410 adest
1107 2382 1278 2422 praeterea
1304 2377 1342 2410 in
1367 2382 1503 2422 septem
1526 2373 1654 2416 codd.;
1680 2372 1909 2408 desideratur
1929 2372 1965 2406 in

555 2432 717 2479 reliquis.

599 2488 647 2534 (5)
674 2490 765 2526 Cod.
789 2492 1002 2528 Vindobon.
1026 2492 1111 2528 1068
1134 2508 1139 2526 t
1168 2493 1282 2528 Liber·
1298 2493 1547 2539 primusfim‘t.
1568 2491 1704 2536 Incipit
1723 2489 1919 2525 secundus.

601 2547 650 2591 (6)
675 2549 792 2584 Codd.
815 2550 1029 2585 Vindobon.
1048 2551 1138 2599 6673
1158 2552 1335 2587 Christin.
1354 2551 1484 2598 Regin.
1505 2547 1572 2597 657
1593 2556 1628 2584 et
1647 2549 1713 2597 692
1741 2566 1746 2582 :
1771 2551 1962 2594 sapientia.

576 2629 594 2631 .-
617 2608 761 2656 Reliqui
780 2622 905 2645 omnes
926 2627 931 2644 :
951 2614 1141 2657 patientia.

601 2669 649 2713 (7)
680 2668 746 2701 All.
767 2669 1042 2715 lIildigardem,
1065 2671 1344 2716 Hildigardezm,
1366 2669 1634 2715 IIildigm-dim.
1658 2668 1928 2713 Hz‘ldegardim.

603 2726 652 2764 (S)
686 2725 748 2759 Ml,
775 2727 998 2765 ὸίιιιύονιυη4
1024 2731 1233 2763 Suevormn.
