1924 3183
382 191 454 227 196
962 177 1210 217 KAROLUS.

378 291 472 321 suae
509 269 668 316 salutis
691 266 936 315 obsidibus
950 301 963 322 ‚
992 281 1111 330 quos
1132 263 1196 310 eis
1216 260 1505 309 Amalvvinus
1522 295 1535 317 ,
1558 276 1682 306 unus
1709 275 1790 306 au⁸²

376 353 604 405 licorum,
632 364 657 392 a
677 362 786 411 rege
803 344 970 391 missus
990 341 1249 388 adduxerat
1262 377 1274 400 7
1298 355 1408 384 cum
1430 337 1595 384 eodem
1615 338 1716 401 ipso
1735 337 1794 384 ad

376 432 474 493 ejus
497 425 800 492 praesentiam
826 423 876 469 in
893 420 1135 469 Attiniaco
1151 417 1262 463 villa
1282 425 1519 463 venerunt
1531 451 1544 472 ‚
1566 424 1707 479 atque
1727 413 1792 461 ihi

377 504 602 570 baptizati
635 510 762 548 sunt.
794 500 915 547 Nam
939 515 1050 556 rex,
1075 505 1328 560 postquam
1359 492 1416 539 ad
1442 509 1519 539 eos
1549 509 1796 538 accersen—

376 581 460 629 dos
478 582 549 645 (1)
568 588 886 627 memoratum
910 573 1237 622 Amalwinum
1257 569 1455 626 direxit,
1475 568 1525 615 in
1548 567 1797 613 Franciam

375 675 588 706 reversus
612 665 704 713 est3
734 653 1010 720 quievitque
1036 650 1113 696 illa
1139 647 1384 695 Saxonicae
1410 644 1620 710 perfidiae
1644 644 1797 710 pervi-

378 736 544 783 cacitas
571 734 639 797 (2)
673 750 758 797 per
782 747 931 778 annos
954 729 1165 792 aliquot,
1205 725 1268 773 ob
1300 724 1391 772 hoc
1421 723 1648 781 maxime,
1677 739 1797 787 quo-

377 815 506 860 niam
525 811 792 859 occasiones
808 805 1059 854 deficiendi
1082 805 1138 851 ad
1153 822 1256 851 rem
1270 802 1564 867 pertinentes
1585 801 1800 847 invenire

376 908 475 938 non
496 895 777 954 potuerunt.
804 885 945 931 Facta
968 892 1037 930 est
1071 881 1237 929 eodem
1269 897 1397 927 anno
1431 889 1561 925 trans
1583 879 1802 924 Hrenum

377 967 501 1032 apud
519 964 772 1014 orientales
789 962 998 1008 Francos
1012 958 1231 1005 adversus
1247 974 1408 1022 regem
1424 956 1677 1003 immodica
1695 973 1804 1002 con-

374 1045 581 1110 juratio,
613 1044 745 1106 cujus
784 1049 1029 1086 auctorem
1071 1035 1373 1083 Hardradum
1406 1034 1633 1082 comitem
1660 1033 1804 1080 fuisse

381 1120 644 1170 constabat.
678 1118 769 1166 Sed
793 1116 932 1181 hujus
956 1114 1189 1162 indicium
1212 1114 1309 1160 cito
1332 1113 1390 1158 ad
1413 1129 1573 1177 regem
1596 1110 1805 1158 delatum

382 1211 449 1248 est
459 1236 473 1258 ,
494 1202 686 1264 ejusque
709 1195 899 1244 solertia
924 1204 1022 1240 tam
1038 1192 1190 1239 valida
1208 1191 1498 1256 conspiratio
1516 1190 1632 1236 citra
1651 1190 1806 1236 ullum

381 1276 557 1344 grande
603 1273 872 1339 periculum
918 1272 969 1317 in
1008 1270 1142 1318 brevi
1184 1269 1487 1333 conquievit,
1531 1266 1806 1314 auctoribus

385 1359 480 1421 ejus
500 1353 677 1419 partim
699 1350 972 1416 privatione
995 1348 1233 1395 luminum
1248 1383 1261 1405 ‚
1282 1346 1459 1410 partim
1483 1345 1609 1392 exilii
1630 1345 1807 1409 depor—

389 1434 567 1480 tatione
588 1432 656 1495 (ὅ)
676 1427 1023 1477 condemnatis.

906 1644 1305 1693 DCCLXXXVI.

457 1760 579 1805 Cum
596 1766 643 1803 et
666 1755 832 1802 hiemis
853 1763 1038 1817 tempus
1058 1751 1319 1815 expletum,
1343 1760 1390 1797 et
1406 1760 1622 1796 sanctum
1640 1750 1811 1796 Pascha

395 1837 445 1882 in
470 1832 710 1881 Attiniaco
734 1830 846 1877 villa
868 1829 1032 1876 fuisset
1050 1846 1074 1874 a
1090 1845 1199 1892 rege
1218 1825 1525 1884 celebratum,
1553 1827 1816 1873 exercitum

397 1915 447 1958 in
478 1908 799 1956 Brittanniam
830 1906 1131 1953 cismarinam
1163 1904 1354 1950 mittere
1390 1903 1658 1950 constituit,
1695 1903 1818 1950 Nam

400 2007 509 2036 cum
537 1986 596 2032 ab
618 1984 783 2049 Anglis
802 2001 854 2029 ac
889 1981 1154 2030 saxonibus
1183 1981 1450 2027 Brittannia
1473 1981 1623 2027 insula
1654 1980 1819 2028 fuisset

401 2068 558 2113 invasa
578 2064 669 2127 (4),
698 2078 868 2125 magna
894 2078 1001 2124 pars
1020 2060 1286 2106 incolarum
1307 2061 1405 2122 ejus
1426 2076 1555 2105 mare
1579 2058 1816 2116 traiciens,

404 2146 455 2192 in
492 2141 673 2188 ultimis
698 2139 863 2187 Galliae
894 2137 1070 2184 finibus
1105 2138 1401 2185 Venetorum
1435 2147 1482 2183 et
1507 2136 1822 2183 Coriosolita-

404 2239 513 2269 rum
537 2219 753 2282 regiones
772 2215 1038 2279 occupavit.
1062 2216 1103 2260 Is
1134 2213 1339 2278 populus
1364 2231 1389 2260 a
1412 2213 1600 2278 regibus
1623 2214 1822 2260 Franco-

452 2384 503 2429 (1)
527 2382 582 2417 Ita
607 2379 719 2414 habet
747 2379 790 2414 D.
818 2379 932 2424 Bouq.
963 2389 1046 2411 cum
1075 2376 1224 2411 Freher.
1254 2384 1290 2411 et
1318 2376 1480 2411 Nuenar.
1511 2376 1656 2411 comite.
1685 2376 1789 2410 Pertz
1812 2390 1818 2406 z

409 2440 676 2480 accersiendos.

454 2503 503 2547 (¹2)
529 2499 621 2535 Cod.
639 2498 732 2544 Reg.
752 2496 834 2530 Par.
856 2493 948 2542 5924
968 2510 973 2528 z
994 2496 1227 2540 perversitas.

457 2560 506 2607 (5)
531 2559 692 2594 Nuenar.
713 2568 807 2591 com.
829 2555 933 2590 exilii
947 2567 1071 2600 poena.

459 2621 508 2663 (4)
533 2616 626 2653 Cod.
648 2614 862 2653 Vindobon.
882 2624 950 2660 99⁰
977 2628 982 2645 z
1007 2625 1093 2647 nam
1113 2613 1160 2646 ab
1180 2613 1316 2657 Anglis
1335 2617 1368 2646 et
1388 2612 1599 2645 Saxonilms
1617 2625 1697 2645 cnm
1724 2611 1823 2645 Brit-

418 2678 545 2710 tannia
563 2675 683 2708 insula
702 2677 879 2717 occupata
883 2670 1040 2715 sitisset.
