1924 3183
331 170 410 207 370
845 165 1220 204 HLUDOVVICUS.

328 264 532 311 retenta,
560 253 857 300 Britanniam
882 253 1133 317 ingressus,
1158 262 1308 298 totam
1329 252 1459 300 ferro
1479 262 1526 300 et
1543 254 1648 319 igne
1664 255 1751 303 tle-

329 333 556 388 vastavit;
586 331 976 395 consumptisque
999 332 1049 376 in
1075 328 1160 375 hac
1185 329 1486 393 expeditione
1510 347 1571 377 Lx
1594 332 1667 379 vel
1691 350 1748 380 eo

327 410 530 474 amplius
552 407 745 465 diebus,
774 408 976 471 acceptis
1001 423 1120 472 quos
1147 406 1332 471 perfido
1357 408 1635 454 Brittonum
1658 428 1747 473 po·-

328 486 443 551 pulo
476 486 788 550 imperaverat
814 482 1088 540 obsidibus,
1124 484 1444 548 Rotomagum
1477 486 1743 541 clvitatem‚

326 565 407 611 ubi
428 565 680 629 conjugem
700 581 747 610 se
766 562 975 626 opperiri
991 564 1209 626 jusserat,
1231 580 1272 607 a.
1287 560 1334 607 d.
1356 579 1418 609 xv
1437 563 1508 627 (1)
1527 561 1747 610 kalendas

326 641 540 691 decemb.
559 659 774 689 reversus
792 651 878 687 est.
893 640 1014 686 Nam
1029 650 1076 687 et
1090 639 1201 685 illuc
1215 639 1392 704 legatos
1404 640 1645 688 Michaelis
1661 641 1747 687 im—

326 720 558 786 peratoris
572 755 585 777 ,
608 719 689 784 qui
713 718 771 765 ad
790 736 899 765 eum
918 717 1235 764 mittebantur
1254 718 1325 781 (2)
1339 753 1351 774 ,
1379 717 1468 763 sibi
1495 735 1748 765 occurrere

318 799 482 864 jussit,
506 815 617 844 cum
634 795 809 861 quibus
828 805 876 842 et
891 796 1184 842 Fortunatus
1206 794 1470 858 patriarcha
1486 797 1748 844 Venetico-

323 893 434 922 rum
455 874 529 938 (5)
549 889 785 937 regressus
803 871 859 918 ad
880 874 976 935 ejus
998 872 1301 936 praesentiam
1320 873 1468 919 venit.
1494 872 1583 919 Sed
1607 872 1745 937 legati

325 951 624 1017 imperatoris
650 951 832 997 litteras
855 960 902 996 et
926 967 1123 996 munera
1148 949 1413 997 deferentes
1427 986 1439 1007 ,
1470 950 1595 1014 pacis
1625 968 1747 996 con-

323 1030 573 1078 firmandae
590 1047 724 1075 causa
745 1046 792 1075 se
812 1028 978 1075 missos
998 1045 1092 1074 esse
1112 1026 1323 1073 dicentes
1335 1063 1348 1084 ,
1372 1046 1460 1091 pro
1480 1029 1746 1075 Fortunato

323 1108 446 1156 nihil
479 1108 627 1154 locuti
662 1117 801 1162 sunt3
839 1107 965 1152 inter
989 1116 1158 1151 caetera
1184 1114 1342 1151 tamen
1375 1105 1431 1151 ad
1460 1106 1745 1170 legationem

323 1204 454 1233 suam
489 1184 779 1249 pertinentia
813 1183 1032 1249 quaedam
1062 1183 1119 1229 de
1155 1183 1413 1248 imaginum
1442 1186 1746 1232 veneratione

323 1261 659 1329 protulerunt,
685 1270 884 1324 propter
906 1277 1014 1324 quae
1039 1277 1085 1306 se
1112 1260 1310 1305 Romam
1331 1260 1424 1319 ire,
1453 1271 1592 1326 atque
1617 1279 1747 1326 apos—

322 1341 481 1389 tolicae
497 1339 616 1386 sedis
628 1337 883 1402 praesulem
900 1337 1150 1383 consulere
1167 1335 1338 1384 debere
1353 1337 1595 1385 dixerunt.
1616 1339 1746 1399 Quos

325 1438 465 1476 cum,
505 1417 740 1483 legatione
773 1433 943 1463 eorum
984 1414 1141 1461 audita
1177 1432 1229 1460 ac
1263 1432 1492 1479 responso
1528 1416 1744 1474 reddito,

324 1495 613 1552 absolveret,
635 1495 856 1548 Romam,
873 1502 927 1537 ut
946 1509 992 1538 se
1007 1491 1127 1539 velle
1145 1490 1384 1549 dicebant,
1401 1492 1572 1539 ducere
1585 1494 1741 1557 jussit.

323 1576 645 1623 Fortunatum
669 1571 811 1618 etiam
836 1570 892 1617 de
923 1586 1056 1615 causa
1083 1568 1208 1634 fugae
1241 1570 1385 1633 ipsius
1413 1582 1742 1634 percontatus,

325 1652 382 1699 ad
406 1649 773 1699 examinandum
808 1665 916 1695 eum
946 1648 1165 1694 Romano
1188 1646 1405 1711 pontifici
1442 1646 1615 1695 direxit
1639 1649 1710 1713 (4)
1731 1669 1742 1705 ;

326 1732 423 1795 ipse
452 1745 567 1775 vero
604 1726 898 1792 Aquasgrani
916 1761 928 1781 ,
967 1724 1050 1770 uhi
1094 1723 1300 1772 hiemare
1344 1735 1596 1784 statuerat,
1632 1745 1747 1790 pro-

324 1808 477 1854 fectus
502 1816 587 1852 est.
616 1806 724 1863 Quo
751 1820 859 1849 cum
883 1803 1111 1859 venisset,
1140 1812 1187 1849 et
1219 1801 1283 1847 ibi
1307 1803 1521 1850 Natalem
1552 1804 1744 1850 Domini

325 1884 627 1939 celebrasset,
654 1881 849 1928 allatum
872 1891 940 1928 est
964 1881 1034 1938 ei,
1063 1880 1193 1945 quod
1219 1880 1355 1944 legati
1379 1882 1500 1944 regis
1525 1882 1747 1947 Bulgaro-

323 1982 433 2010 rum
456 1971 607 2009 essent
635 1961 682 2006 in
706 1960 944 2023 Bajoaria3
969 1958 1142 2024 quibus
1167 1958 1358 2006 obviam
1376 1960 1595 2015 mittens,
1622 1960 1744 2024 ipsos

323 2042 519 2107 quidem
538 2055 688 2102 usque
705 2036 763 2083 ad
784 2048 969 2100 tempus
987 2054 1254 2100 congruum
1277 2035 1454 2083 ibidem
1471 2036 1584 2084 fecit
1606 2055 1748 2102 oppe-

324 2120 409 2165 riri
423 2119 507 2180 (5).
530 2116 768 2162 Caeterum
784 2115 960 2178 legatos
974 2113 1344 2170 Abodritorum,
1364 2114 1445 2178 qui
1466 2114 1609 2179 vulgo
1627 2116 1748 2161 Prae-

372 2270 421 2313 (1)
448 2265 491 2300 Id
516 2270 571 2298 est
589 2268 674 2297 (mle
692 2261 800 2295 diem.
824 2261 912 2296 Vid.
937 2273 1037 2308 supr.
1056 2274 1091 2308 p⁴
1120 2260 1200 2305 154,
1220 2268 1295 2296 not.
1318 2265 1351 2304 4.
1372 2262 1443 2296 Hic
1457 2262 1500 2296 D.
1524 2263 1638 2311 Bouq.
1659 2277 1742 2298 cum

323 2327 506 2368 Freliero‚
530 2323 650 2358 Nuen.
669 2320 794 2354 comit.
817 2327 853 2354 et
869 2319 973 2355 codd,
999 2320 1213 2355 Vindobon.
1228 2320 1314 2364 654,
1336 2321 1450 2356 Paris.
1467 2321 1577 2369 5924,
1596 2323 1738 2358 Trevir,

323 2396 359 2423 ct
373 2388 654 2425 Hannoverano,
668 2381 758 2428 legit
771 2380 824 2415 ad
836 2393 878 2414 xv
892 2380 1055 2415 Kalend.
1071 2381 1244 2415 Decemb.
1260 2381 1351 2416 Cod.
1368 2382 1519 2417 Arman.
1537 2396 1555 2416 a
1566 2382 1610 2417 D.
1625 2383 1741 2429 Bouq‚

324 2446 422 2481 laud.
440 2444 492 2479 ad
508 2456 553 2478 xu
576 2441 739 2477 Kalend.

370 2508 420 2551 (2)
452 2505 522 2550 Qui
534 2501 586 2537 ad
602 2514 683 2535 cum
701 2514 748 2534 m.
769 2499 903 2534 desunt
921 2511 977 2545 ap.
1000 2499 1157 2533 Nuenar.
1181 2511 1275 2533 com.
1298 2506 1334 2533 et
1352 2499 1395 2534 D.
1418 2499 1532 2545 Bouq.

371 2562 433 2608 (5)
449 2563 567 2598 Iidem
591 2578 595 2595 t
617 2560 831 2607 patriarcha
855 2559 1071 2593 Gradensis.

370 2627 419 2669 (4)
445 2623 562 2657 Iidem
580 2637 585 2655 z
607 2621 761 2655 Romam
785 2623 835 2653 irc
851 2620 959 2665 jussit
980 2625 1018 2653 ut
1032 2632 1055 2653 a
1073 2620 1247 2665 ponigstce
1265 2620 1551 2654 cxcmzinarelm:

369 2683 417 2728 (fij
445 2682 559 2716 Iidem
581 2697 586 2701 ·
610 2680 741 2714 iln'dem
761 2681 1111 2723 mmwreJn·(1315·‹7]1‘!.
