1924 3183
399 220 479 257 ⁴260
978 217 1229 256 KAROLUS.

397 304 578 368 magnis
604 302 881 350 muneribus
898 340 910 361 ‚
946 321 1030 368 per
1054 304 1317 367 Bajoariam
1346 304 1413 349 ire
1438 305 1703 370 volentem,
1730 306 1814 351 de·—

397 382 504 428 duci
529 381 642 428 fecit
666 398 813 446 usque
838 382 1129 428 Ravennam.
1159 381 1304 426 Causa
1332 380 1560 427 adventus
1593 384 1689 445 ejus
1714 382 1814 428 haec

397 469 497 506 erat
519 478 529 504 :
552 457 788 522 perlatum
807 468 875 505 est
900 458 957 504 ad
978 458 1337 521 imperatorem,
1365 468 1524 504 aestate
1543 459 1784 522 praeterita
1801 497 1812 517 ,

397 535 572 583 Christi
593 535 871 599 sanguinem
890 535 938 581 in
960 535 1155 581 Mantua
1176 534 1363 581 civitate
1383 534 1524 580 fuisse
1543 545 1812 598 repertum;

395 623 595 678 propter
627 611 717 659 hoc
750 613 879 658 misit
909 612 966 658 ad
998 629 1189 676 papam,
1226 622 1388 675 petens
1425 622 1479 657 ut
1509 610 1646 676 hujus
1678 612 1817 658 samae

398 690 646 737 veritatem
671 689 953 753 inquireret.
982 689 1073 749 Qui
1100 699 1286 752 accepta
1313 689 1559 735 occasione
1585 688 1814 746 exeundi,

394 768 553 832 primo
579 767 629 812 in
653 765 1054 830 Langobardiam‚
1081 766 1211 830 quasi
1239 782 1328 829 pro
1356 753 1666 829 inquisitione
1689 783 1819 829 prae-

395 845 520 891 dicta
542 842 785 908 profectus
807 853 900 900 est,
925 843 1128 907 indeque
1151 853 1342 907 arrepto
1365 844 1560 900 itinere,
1583 843 1742 891 subito
1762 844 1817 888 ad

396 922 733 986 imperatorem
770 938 917 985 usque
945 921 1189 984 pervenit,
1222 921 1490 985 mansitque
1525 919 1649 984 apud
1687 920 1820 966 illum

394 1001 491 1046 dies
517 1010 655 1053 octo,
685 1010 729 1045 et
757 999 878 1044 sicut
901 998 1080 1044 dictum
1107 1009 1198 1053 est,
1226 1001 1425 1047 Romam
1452 999 1708 1063 repedavit.

1000 1462 1217 1508 DCCCV.

465 1570 574 1617 Non
600 1570 754 1617 multo
777 1580 886 1634 post
912 1570 1123 1635 Caganus
1155 1571 1256 1633 (1),
1287 1570 1507 1634 princeps
1537 1570 1817 1626 Hunorum,

399 1658 598 1712 propter
634 1648 958 1694 necessitatem
998 1647 1162 1712 populi
1200 1649 1269 1694 sui
1309 1648 1644 1711 imperatorem
1678 1649 1818 1704 adiit,

400 1726 645 1790 postulans
669 1725 756 1771 sibi
790 1727 949 1772 locum
973 1726 1073 1771 dari
1104 1725 1160 1771 ad
1192 1725 1498 1772 habitandum
1526 1726 1652 1773 inter
1676 1725 1822 1773 Saba—

403 1805 524 1850 riam
554 1815 600 1850 et
630 1804 932 1850 Carnuntum
965 1805 1062 1867 (2),
1098 1804 1208 1868 quia
1238 1815 1437 1868 propter
1471 1804 1823 1852 infestationem

404 1881 681 1928 Sclavorurn
702 1882 751 1927 in
783 1880 997 1945 pristinis
1027 1880 1214 1927 sedibus
1239 1899 1333 1928 esse
1353 1899 1453 1928 non
1479 1892 1682 1945 poterat.
1716 1882 1822 1945 [llli

405 1961 533 2007 enim
552 1978 748 2007 omnem
776 1971 950 2006 terram
977 1961 1232 2006 Hunorum
1251 1959 1617 2023 depopulantes,
1645 1959 1822 2007 Becho-

409 2056 520 2085 nem
547 2048 661 2083 tunc
689 2036 855 2083 ducem
893 2036 1196 2100 habuerunt]
1223 2038 1315 2100 (3).
1344 2038 1482 2083 Hunc
1510 2038 1583 2101 (4)
1619 2039 1825 2101 impera-

410 2126 488 2161 tor
520 2113 725 2177 benigne
759 2115 963 2177 suscepit
987 2143 1050 2149 —
1079 2124 1179 2161 erat
1211 2115 1338 2161 enim
1368 2114 1579 2178 Gaganus
1609 2115 1828 2160 christia-

457 2269 510 2311 (1)
536 2267 591 2300 Ita
608 2266 718 2300 habet
745 2266 786 2299 D.
809 2265 922 2312 Bouq.
949 2277 1032 2298 cum
1056 2264 1136 2298 eod.
1164 2266 1314 2299 Armati.
1337 2270 1374 2298 et
1397 2264 1571 2298 Frehero.
1598 2285 1644 2290 —
1666 2265 1828 2299 Pertzius

410 2338 494 2361 cum
513 2324 619 2359 codd.
644 2324 858 2361 vindobon.
885 2323 975 2365 654,
998 2323 1091 2370 Reg.
1118 2324 1230 2357 Paris.
1251 2322 1366 2369 5924,
1398 2323 1538 2357 Trevir.
1558 2330 1595 2357 et
1619 2324 1827 2358 Hannover.

416 2386 629 2431 Capcamffl
647 2384 767 2419 Codd.
782 2383 994 2418 Vindobon.
1020 2397 1029 2417 1
1045 2397 1082 2417 io
1106 2391 1141 2417 et
1160 2395 1229 2430 990
1247 2399 1252 2416 z
1280 2383 1475 2428 Capanu.5;
1501 2383 1661 2417 Nuenar.
1685 2395 1805 2418 comes
1818 2413 1826 2427 ,

417 2444 597 2477 Cacanus.
618 2462 664 2468 —
683 2442 735 2476 De
763 2442 834 2475 hoc
853 2441 1042 2487 dignitatis
1062 2442 1168 2487 regiae
1193 2440 1290 2487 apud
1310 2441 1439 2475 Hunos
1456 2440 1565 2475 titulo
1578 2468 1586 2483 ,
1612 2441 1674 2487 qui
1698 2441 1828 2475 melius

418 2504 598 2548 [sugamus
614 2501 764 2543 dicitur,
781 2500 860 2534 vide
879 2512 987 2546 supra
1012 2501 1088 2534 Vit.
1111 2501 1259 2542 [sm-oli,
1282 2513 1319 2546 p.
1338 2503 1397 2543 42,
1421 2508 1499 2534 not.
1522 2499 1556 2534 5.

461 2564 509 2606 (2)
536 2561 608 2596 All.
631 2562 844 2602 Carnulum,
875 2560 1115 2594 Carnuntum.

460 2620 509 2665 (5)
536 2621 597 2654 Hm
612 2632 731 2661 voces,
754 2621 898 2653 uncinis
915 2619 1078 2660 iuclusae,
1097 2632 1174 2666 quae
1190 2619 1285 2665 apud
1304 2619 1345 2652 D.
1367 2619 1478 2664 Bouq.
1499 2618 1682 2663 leguntur,
1702 2619 1737 2652 in
1756 2618 1828 2652 edi·

417 2680 512 2712 [iom-
532 2680 720 2713 P-›viziana
740 2691 811 2712 non
833 2679 993 2723 reperire
1012 2687 1077 2713 est.

462 2743 505 2781 14¹!
538 2740 699 2772 Pri-ttius
754 2742 877 2779 (luem.
