2043 3193
557 141 605 178 28
888 135 1010 172 VITA
1042 131 1234 171 KAROLI
1265 128 1628 168 IMPERATORIS.

558 218 770 280 ciperent
789 250 802 271 ,
839 225 886 260 et
919 213 1112 260 Francis
1136 211 1356 268 adunati,
1381 225 1505 254 unus
1535 225 1644 254 cum
1668 209 1733 254 eis
1763 207 1965 272 populus

556 295 868 341 efficerentur.

618 690 741 738 VIII.
783 689 883 733 Hoc
905 686 1031 733 bello
1058 685 1154 748 (1),
1183 685 1292 731 licet
1314 684 1621 748 permultum
1640 683 1713 746 (2)
1739 684 1968 747 temporis

554 766 757 829 spatium
778 763 1061 819 traheretur,
1086 761 1181 824 ipse
1202 778 1301 808 non
1322 761 1522 824 amplius
1542 777 1649 806 eum
1667 759 1801 806 hoste
1825 776 1968 823 quam

555 843 625 889 bis
651 843 747 888 acie
771 840 1014 896 conflixit,
1044 838 1330 902 semeljuxta
1351 848 1566 885 montem
1581 837 1662 902 qui
1678 837 1883 901 Osnengi
1901 837 1967 900 (5)

555 922 747 977 dicitur,
785 921 831 965 in
865 919 971 965 loco
999 916 1285 963 Theotmelli
1312 917 1385 979 (4)
1410 916 1684 971 nominato,
1718 925 1764 961 et
1792 915 1969 961 iterum

557 999 677 1063 apud
702 999 869 1044 Hasam
895 997 968 1060 (5)
993 995 1223 1050 fluvium,
1262 1005 1307 1041 et
1338 993 1428 1041 hoc
1458 1010 1557 1039 uno
1591 1010 1750 1039 mense
1781 993 1969 1056 paucis-

556 1095 648 1142 que
674 1077 746 1140 (6)
768 1074 1059 1138 interpositis
1086 1071 1266 1120 diebus.
1301 1073 1382 1118 His
1402 1071 1587 1118 duobus
1613 1070 1788 1135 praeliis
1813 1069 1968 1116 hostes

557 1155 670 1200 adeo
708 1152 945 1217 profligati
986 1169 1037 1197 ac
1073 1150 1244 1197 devicti
1288 1161 1433 1206 sunt,
1477 1160 1530 1195 ut
1568 1149 1767 1196 ulterius
1809 1166 1968 1212 regem

556 1247 711 1294 neque
735 1246 1015 1293 provocare,
1035 1245 1189 1292 neque
1206 1227 1415 1274 venienti
1433 1227 1650 1274 resistere
1666 1262 1678 1282 ‚
1700 1226 1789 1271 nisi
1813 1225 1967 1291 aliqua

557 1307 650 1354 loci
692 1305 959 1352 munitione
994 1304 1200 1360 defensi,
1240 1305 1483 1350 auderent.
1521 1303 1685 1349 Plures
1719 1312 1876 1348 tamen
1912 1319 1968 1349 eo

556 1381 685 1429 bello
711 1393 808 1428 tam
830 1399 885 1428 ex
908 1380 1160 1428 nobilitate
1184 1382 1479 1427 Francorum
1513 1396 1654 1444 quam
1688 1379 1929 1425 Saxonum
1951 1414 1964 1435 ,

558 1469 604 1506 et
639 1459 794 1505 functi
828 1459 1023 1504 summis
1056 1458 1349 1517 honoribus,
1391 1457 1480 1503 viri
1516 1456 1785 1520 consumpti
1826 1466 1964 1512 sunt,

559 1535 844 1599 tandemque
883 1553 1010 1582 anno
1045 1536 1283 1582 tricesimo
1318 1535 1460 1582 tertio
1492 1535 1681 1581 finitum
1724 1545 1822 1590 est,
1859 1550 1968 1579 cum

561 1613 753 1659 interim
775 1622 847 1658 tot
865 1629 917 1657 ao
937 1621 1065 1657 tanta
1084 1612 1133 1657 in
1149 1612 1342 1658 diversis
1363 1622 1595 1658 terrarum
1615 1611 1828 1674 partibus
1844 1610 1967 1658 bella

561 1700 726 1736 contra
753 1690 958 1736 Francos
981 1699 1027 1736 et
1049 1700 1213 1736 exorta
1234 1690 1329 1735 sint
1352 1700 1398 1736 et
1432 1689 1639 1736 sollertia
1670 1689 1792 1752 regis
1817 1688 1969 1734 admi-

561 1767 758 1811 nistrata
786 1801 800 1822 ‚
840 1775 894 1810 ut
933 1765 1106 1813 merito
1150 1764 1449 1812 intuentibus
1484 1765 1532 1811 in
1573 1764 1772 1810 dubium
1806 1765 1967 1811 venire

560 1842 731 1905 possit,
753 1852 918 1888 utrum
940 1843 987 1888 in
1013 1859 1069 1889 eo
1092 1852 1172 1888 aut
1196 1841 1413 1888 laborum
1435 1842 1737 1906 patientiam,
1764 1854 1844 1888 aut
1863 1842 1966 1889 feli-

560 1921 749 1966 citatem
783 1920 940 1983 potius
977 1920 1138 1965 mirari
1170 1920 1439 1967 conveniat.
1477 1919 1596 1967 Nam
1627 1918 1826 1966 biennio
1856 1930 1965 1966 ante

602 2079 643 2125 (1)
660 2079 704 2112 D.
726 2078 912 2125 Bouquet,
936 2091 1019 2113 cum
1038 2079 1205 2126 plurimis
1228 2080 1333 2114 codd.
1358 2094 1364 2111 ι
1391 2081 1539 2115 bellum.

605 2139 657 2183 (2)
676 2138 734 2173 Sic
748 2138 793 2171 D.
810 2138 979 2185 Bouquet
993 2146 1030 2174 et
1049 2138 1214 2187 plerique
1240 2139 1515 2174 codd.--Pertz
1531 2155 1536 2174 :
1550 2142 1773 2186 permultum
1793 2141 1963 2185 temporis

555 2200 686 2244 spatio.

601 2255 650 2303 (5)
680 2256 722 2289 D.
755 2256 869 2302 Bouq.
903 2256 1084 2303 Osneggi;
1113 2269 1169 2303 ap.
1198 2257 1303 2292 codd.
1344 2258 1520 2304 Osnengi,
1555 2257 1727 2304 Osnigni,
1753 2256 1961 2303 Hosneggi‚

554 2316 699 2363 lVeggi,
725 2314 880 2351 Osieedi.

601 2376 652 2418 (4)
675 2374 745 2409 All.
783 2375 994 2420 Teolmallz',
1029 2376 1238 2419 Telzlmelli,
1267 2377 1498 2422 leeotmille,
1527 2376 1786 2420 leeothmelli,
1813 2376 1962 2411 Theoti-

555 2435 656 2477 nelli,
692 2435 931 2479 leeolinolli,
961 2436 1195 2480 Tlceotmolli,
1223 2437 1480 2481 Theotlzmolli,
1512 2436 1958 2472 Thietmelli.—Nuenar.

553 2505 670 2528 comes
692 2510 697 2528 :
726 2494 952 2529 leielmelle.

601 2554 651 2598 (5)
670 2553 739 2588 All.
762 2555 860 2598 Asa,
888 2555 1047 2599 Uasam,
1077 2556 1236 2600 Uasera,
1256 2557 1414 2599 Hasnm,
1437 2558 1572 2599 Asam,
1593 2555 1705 2590 Hem.

600 2612 649 2656 (6)
668 2613 747 2646 Non
768 2614 857 2647 nulli
877 2614 983 2649 codd.
1002 2619 1131 2661 paucis
1149 2629 1301 2663 quoquc.
