2043 3193
465 239 486 274 S
795 233 917 272 VITA
948 232 1140 272 KAROLI
1172 229 1533 271 IMPERATORIS.

465 322 560 367 latii
587 321 861 386 praefectos,
890 321 971 386 qui
997 321 1197 382 majores
1219 317 1387 364 domus
1415 317 1713 379 dicebantur,
1749 330 1796 368 et
1819 322 1875 368 ad

463 415 582 462 quos
597 416 778 445 summa
794 397 980 462 imperii
995 393 1282 460 pertinebat,
1301 394 1615 453 tenebantur3
1633 414 1786 462 neque
1804 398 1877 461 (1)

463 475 559 539 regi
591 474 719 521 aliud
748 472 1123 539 relinquebatur,
1151 489 1295 536 quam
1325 483 1380 519 ut
1404 473 1537 538 regio
1566 483 1756 520 tantum
1784 492 1880 522 no-

464 552 593 600 mine
617 562 869 600 contentus
883 587 896 609 ,
918 551 1047 597 crine
1062 549 1284 613 profuso,
1303 548 1451 596 barba
1470 551 1739 611 summissa,
1759 551 1879 600 solio

464 630 715 689 resideret,
740 648 791 676 ac
817 629 1018 694 speciem
1041 627 1332 674 dominantis
1353 628 1424 692 (2)
1452 629 1719 694 effingeret,
1752 629 1882 694 lega-—

472 716 541 754 tos
566 707 880 771 undecunque
905 704 1146 751 venientes
1170 703 1381 762 audiret,
1413 705 1571 770 eisque
1599 704 1883 753 abeuntibus

470 797 718 844 responsa,
745 797 853 844 quae
878 788 978 826 erat
1007 777 1201 825 edoctus
1232 778 1306 825 vel
1341 778 1483 825 etiam
1511 781 1688 843 jussus,
1716 797 1773 827 ex
1804 797 1883 826 sua

470 858 598 904 velut
617 866 846 921 potestate
868 855 1106 913 redderet3
1130 872 1239 901 cum
1255 865 1432 920 praeter
1455 856 1626 903 inutile
1649 856 1771 921 regis
1795 874 1883 904 no-

471 954 580 983 men
598 946 644 983 et
664 935 929 1000 precarium
947 935 1058 982 vitae
1080 932 1395 997 stipendium,
1416 934 1547 999 quod
1566 935 1608 981 ei
1631 934 1886 999 praefectus

470 1015 587 1062 :iulae
602 1050 615 1071 ,
644 1024 789 1078 prout
807 1012 1073 1071 videbatur,
1100 1010 1380 1071 exhibebat,
1407 1012 1529 1059 nihil
1553 1013 1679 1060 aliud
1702 1013 1886 1078 proprii

472 1090 756 1155 possideret,
783 1106 925 1154 quam
949 1106 1096 1135 unam
1122 1099 1170 1136 et
1196 1106 1298 1136 eam
1326 1089 1561 1154 praeparvi
1593 1089 1772 1137 reditus
1797 1089 1889 1135 vil-

474 1167 566 1213 lam
581 1202 596 1226 ,
624 1168 671 1213 in
696 1184 788 1231 qua
809 1165 1008 1214 domum
1028 1175 1075 1212 et
1097 1183 1153 1212 ex
1177 1183 1268 1230 qua
1292 1165 1495 1213 famulos
1518 1166 1607 1213 sibi
1633 1166 1889 1213 necessaria

477 1244 797 1291 ministrantes
829 1254 970 1308 atque
993 1242 1278 1308 obsequium
1306 1242 1581 1291 exhibentes
1606 1261 1767 1309 paucae
1797 1261 1891 1290 nu-

474 1321 756 1368 merositatis
789 1319 1008 1369 habebat.
1043 1320 1357 1385 Quocumque
1387 1321 1598 1368 eundum
1628 1331 1754 1380 erat,
1788 1339 1892 1367 car-

476 1409 620 1463 pento
650 1398 774 1457 ibat,
810 1399 940 1464 quod
970 1397 1126 1445 bubus
1152 1399 1361 1463 junctis,
1392 1410 1438 1446 et
1469 1398 1679 1446 bubulco
1712 1400 1893 1447 rustico

474 1493 608 1523 more
626 1486 821 1541 agente,
849 1475 1149 1533 trahebatur;
1178 1475 1242 1522 sic
1273 1475 1330 1522 ad
1355 1475 1608 1539 palatium,
1634 1477 1700 1522 sic
1721 1475 1778 1522 ad
1801 1493 1894 1540 pu-

477 1552 656 1600 blicum
678 1553 845 1618 populi
865 1554 935 1600 sui
957 1564 1247 1602 conventum
1262 1588 1275 1610 ,
1304 1553 1386 1617 qui
1407 1553 1654 1599 annuatim
1671 1552 1733 1600 ob
1758 1554 1893 1618 regni

479 1632 733 1678 utilitatem
757 1630 1102 1687 celebrabatur,
1130 1631 1227 1689 ire,
1262 1631 1327 1676 sic
1356 1630 1553 1680 domum
1585 1631 1740 1679 redire
1772 1632 1896 1678 sole-

482 1707 562 1754 bat
587 1729 597 1754 :
625 1708 681 1754 ad
701 1707 774 1772 (5)
798 1709 931 1773 regni
952 1707 1431 1755 amministrationem
1449 1718 1495 1755 et
1517 1709 1677 1755 omnia
1698 1726 1804 1773 quae
1822 1709 1897 1755 vel

483 1786 609 1833 (lomi
630 1786 701 1832 vel
724 1786 840 1833 foris
868 1786 1044 1851 agenda
1072 1805 1123 1833 ac
1149 1785 1438 1850 disponenda
1460 1797 1595 1834 erant
1608 1823 1621 1845 ,
1644 1787 1896 1851 praefectus

486 1864 601 1911 aulae
628 1863 913 1928 procurabat
932 1865 1024 1928 (4).

561 2411 619 2456 ll.
659 2410 766 2471 Quo
797 2410 975 2467 officio,
1010 2420 1112 2456 tum
1136 2426 1245 2456 cum
1272 2408 1534 2456 Hildericus
1557 2404 1900 2471 deponebatur,

546 2572 593 2615 (1)
619 2572 661 2605 C.
682 2572 770 2606 bibl.
789 2572 926 2606 Christ.
946 2572 1078 2618 Regin.
1093 2572 1131 2606 in
1147 2572 1268 2607 Vatic.
1289 2577 1328 2606 n⁰
1342 2570 1409 2618 692
1428 2586 1434 2604 :
1453 2576 1561 2616 atque
1579 2568 1685 2604 aliud
1701 2571 1780 2616 regi
1793 2581 1878 2603 non.

545 2631 596 2674 (ρ)
621 2632 662 2667 C.
682 2631 912 2665 Florentinus
929 2632 968 2665 in
985 2631 1075 2665 bibl.
1095 2632 1264 2666 Laurent.
1289 2646 1295 2664 :
1319 2629 1588 2664 dominationis.

547 2691 596 2734 («)

549 2748 559 2783 (
589 2747 598 2788 )

622 2690 645 2723 i.
662 2702 694 2723 c.
709 2697 747 2724 at
759 2706 770 2731 ;
783 2690 834 2725 ml
843 2691 980 2724 habent
992 2702 1117 2725 omnes
1129 2690 1244 2726 saeculi
1261 2703 1290 2725 ix
1303 2698 1339 2726 ct
1352 2703 1369 2725 x
1384 2702 1424 2724 ac
1442 2689 1605 2737 plerique
1620 2687 1736 2724 saeculi
1751 2700 1780 2723 xi
1797 2687 1902 2723 codd.

567 2700 581 2721 ⁵)

566 2750 580 2788 4
624 2747 713 2782 Cod.
736 2747 967 2783 Florentinus
986 2764 990 2781 :
1015 2749 1179 2783 curabat.
