1924 3183
283 166 362 205 396
798 158 1173 198 HLUDOWICUS.

281 254 446 316 piunt,
481 267 532 296 ac
565 267 611 296 se
647 266 755 294 cum
791 246 1016 294 omnibus
1048 246 1195 310 copiis
1227 246 1320 291 suis
1350 246 1399 291 in
1436 262 1515 291 sua
1551 257 1698 293 castra

281 329 545 393 recipiunt3
579 324 748 373 deinde
781 325 904 374 inito
939 324 1171 380 consilio,
1208 334 1262 369 ut
1296 322 1530 370 ultionem
1563 323 1699 387 hujus

281 406 393 452 sacti
426 404 771 469 praevenirent,
806 403 943 448 missa
974 401 1211 466 legatione
1244 399 1302 446 ad
1335 400 1698 464 imperatorem,

283 500 427 547 quam
457 481 594 527 inviti
628 490 674 526 et
710 490 886 544 quanta
923 478 1197 525 necessitate
1234 477 1383 524 coacti
1422 476 1468 523 id
1501 476 1704 524 fecerint

286 567 634 623 exposuerunt,
670 574 716 603 se
755 566 913 603 tamen
949 554 1006 602 ad
1041 553 1410 601 satisfactionem
1444 571 1540 600 esse
1568 571 1706 618 para-

287 648 385 694 tos,
418 646 464 683 et
488 635 578 682 hoc
610 635 657 681 in
686 634 986 699 imperatoris
1020 650 1115 680 esse
1149 631 1376 689 arbitrio,
1405 631 1609 696 qualiter
1641 632 1704 678 ita

285 714 420 761 fieret
439 712 765 769 emendatum,
788 722 842 757 ut
861 712 918 759 de
936 711 1123 776 reliquo
1143 710 1269 756 inter
1285 721 1440 774 partes
1459 727 1549 774 pax
1567 710 1703 756 firma

286 802 512 838 maneret.

349 869 619 917 Bonifacius
650 886 830 925 comes,
859 868 934 913 cui
966 867 1112 913 tutela
1148 867 1353 913 Corsicae
1388 866 1554 912 insulae
1586 876 1703 911 tunc

287 959 387 995 erat
411 948 684 1002 commissa,
710 955 951 1007 assumpto
978 961 1136 991 secum
1160 943 1308 990 fratre
1330 943 1582 990 Berchario
1602 943 1700 1005 (1),

288 1043 373 1072 nec
392 1042 493 1072 non
510 1036 557 1071 et
576 1025 677 1070 aliis
693 1021 978 1088 quibusdam
995 1020 1250 1067 comitibus
1267 1021 1324 1067 de
1342 1021 1530 1077 Tuscia,
1547 1020 1705 1066 Corsi-

285 1121 387 1149 cam
413 1113 555 1167 atque
579 1101 846 1147 Sardiniam
865 1117 1007 1164 parva
1034 1099 1176 1145 classe
1200 1100 1566 1154 circumvectus,
1594 1115 1703 1143 cum

284 1180 473 1225 nullum
496 1179 547 1224 in
579 1178 698 1223 mari
724 1178 929 1241 piratam
965 1176 1220 1222 invenisset
1238 1211 1249 1230 ,
1286 1177 1335 1222 in
1362 1175 1572 1221 Africam
1608 1185 1703 1220 tra-

279 1259 416 1322 jecit,
444 1267 490 1305 et
514 1258 640 1303 inter
667 1256 855 1302 Uticam
879 1265 926 1302 et
951 1253 1286 1318 Carthaginem
1308 1270 1539 1318 egressus,
1564 1254 1704 1299 innu-

285 1353 466 1383 meram
497 1335 764 1382 incolarum
796 1331 1158 1379 multitudinem
1181 1331 1340 1379 subito
1370 1342 1704 1396 congregatam

284 1412 511 1468 offendit,
537 1429 644 1458 cum
664 1429 756 1476 qua
777 1420 823 1457 et
842 1409 1064 1474 praelium
1088 1409 1354 1466 conseruit,
1383 1419 1429 1455 et
1452 1407 1704 1473 quinquies

285 1491 358 1537 vel
383 1508 439 1537 eo
464 1490 665 1554 amplius
690 1488 842 1535 fusam
865 1487 1171 1552 fugatamque
1198 1486 1495 1551 profligavit,
1517 1503 1704 1551 magna-

283 1585 377 1632 que
399 1566 631 1613 Afrorum
655 1564 965 1611 multitudine
993 1574 1254 1628 prostrata,
1281 1563 1535 1627 aliquantis
1561 1563 1703 1610 etiam

284 1646 525 1693 sociorum
559 1661 755 1691 suorum
785 1661 871 1708 per
898 1647 1214 1690 temeritatem
1242 1642 1445 1698 amissis,
1482 1643 1532 1688 in
1563 1659 1702 1688 naves

284 1741 386 1769 suas
405 1741 452 1770 se
471 1723 650 1786 recepit
664 1757 677 1779 ,
701 1732 841 1786 atque
866 1719 956 1768 hoc
972 1719 1099 1766 facto
1110 1756 1124 1777 ,
1151 1721 1391 1784 ingentem
1411 1718 1539 1766 Afris
1560 1719 1700 1766 timo-

285 1819 385 1848 rem
411 1801 623 1847 incussit.

350 1881 483 1925 Luna
499 1878 709 1926 kalendis
724 1878 831 1942 julii
853 1879 928 1942 (2)
949 1878 1106 1942 primo
1126 1876 1339 1923 diluculo
1359 1877 1407 1922 in
1428 1892 1595 1922 occasu
1614 1893 1700 1923 suo

284 1956 478 2013 defecit;
514 1957 733 2003 similiter
763 1967 811 2003 et
844 1973 929 2002 vl11
966 1954 1184 2002 kalendas
1214 1954 1443 2018 januarii,
1478 1952 1525 1998 id
1552 1962 1621 1999 est
1651 1953 1700 1998 in

284 2033 449 2079 Natale
469 2033 689 2089 Domini,
716 2034 868 2080 media
892 2043 1032 2080 nocte
1057 2032 1307 2078 obscurata
1327 2041 1412 2077 est.
1437 2032 1701 2094 Imperator

284 2111 406 2156 circa
426 2111 615 2156 missam
632 2112 706 2175 (ὅ)
727 2111 775 2156 S.
799 2111 992 2156 Martini
1007 2109 1299 2174 Aquasgrani
1320 2108 1377 2154 ad
1395 2107 1700 2155 hiemandum

284 2188 437 2244 venit,
461 2187 622 2252 ibique
648 2188 827 2251 positus
848 2198 1005 2234 totum
1028 2186 1216 2232 hiberni
1246 2186 1472 2249 temporis
1496 2185 1699 2249 spatium

285 2268 330 2311 in
371 2266 564 2313 diversis
602 2265 917 2313 conventibus
955 2266 1018 2313 ob
1055 2266 1310 2311 necessaria
1343 2265 1477 2329 regni
1511 2264 1697 2329 negotia

283 2345 577 2409 congregatis
600 2345 849 2407 impendit.

326 2564 333 2595 ιζ
349 2571 353 2589 ι
370 2563 377 2589 ἳ-
417 2556 473 2589 Xll.
496 2556 727 2593 Bcrctsmrio,
751 2557 965 2592 Bcrclzmv'o.
991 2558 1209 2593 h’‹n=nl1mz'0.
1233 2556 1451 2591 Brrszlzare‘lv

327 2619 377 2659 (τι.)
406 2617 445 2649 Ι).
470 2617 581 2662 Ιὶοιιη.
605 2629 686 2649 cum
709 2617 867 2650 Numan
889 2617 1011 2651 comit.
1033 2618 1145 2651 lumi.

329 2673 375 2707 53&
408 2675 516 2708 {halom
569 2677 827 2711 mlcmm'lalcuz
855 2677 891 2708 S.
913 2677 955 2709 sl!
