1924 3183
390 169 468 206 336
917 168 1290 208 HLUDOWICUS.

390 255 795 318 praetorianorum
814 271 1012 302 suorum
1030 265 1276 319 protectus
1290 292 1302 313 ,
1326 258 1488 303 evasit..
1511 258 1658 304 Periit
1681 259 1730 305 in
1754 275 1810 306 eo

391 331 560 395 praelio
584 332 894 395 Dragamosus
912 332 1007 395 (1),
1032 348 1165 380 socer
1189 331 1440 379 Liudewiti
1456 368 1468 389 ,
1494 334 1578 398 qui
1602 334 1652 380 in
1676 352 1811 382 exor-

391 407 472 456 dio
489 406 788 465 desectionis,
808 408 977 456 relicto
1000 425 1195 472 genero,
1217 409 1390 456 Bornae
1410 426 1457 456 se
1477 413 1807 475 conjunxerat.

391 486 663 532 Guduscani
685 484 883 532 domum
905 486 1127 550 regressi,
1153 487 1329 532 iterum
1348 504 1373 531 a
1397 487 1555 533 Borna
1577 488 1650 551 (2)
1679 486 1814 533 subi-

390 573 588 628 guntur.
610 562 673 609 At
693 562 986 611 LiudeWitus
1008 563 1307 610 occasionem
1323 574 1515 621 nactus,
1536 581 1645 609 cum
1662 564 1813 611 valida

392 659 553 699 manu,
570 641 843 688 decembrio
856 658 1035 698 mense,
1052 640 1334 687 Dalmatiam
1354 641 1605 706 ingressus,
1625 642 1756 689 ferro
1768 652 1814 689 et

392 720 500 783 igne
523 729 695 764 cuncta
716 718 942 765 devastat.
962 718 1050 764 Cui
1070 734 1180 764 cum
1197 719 1356 766 Borna
1380 719 1643 783 se-penitus
1664 719 1815 783 impa-

392 814 495 844 rem
526 797 848 861 conspiceret,
872 797 1032 843 omnia
1057 814 1136 843 sua
1169 796 1368 844 castellis
1400 797 1615 854 inclusit,
1642 810 1689 844 et
1719 798 1814 862 ipse

393 892 502 920 cum
526 874 705 921 delecta
729 891 875 919 manu
902 890 1033 919 nunc
1059 873 1085 919 a
1111 884 1270 939 tergo,
1299 892 1429 921 nunc
1453 876 1478 921 a
1507 875 1651 922 latere
1678 876 1815 921 insis-

392 962 520 1009 tens,
548 949 800 998 Liudewiti
829 950 986 1014 copias
1015 961 1063 997 et
1091 962 1240 998 noctu
1265 961 1312 998 et
1341 951 1550 999 interdiu
1582 969 1815 1017 quacum-

392 1047 485 1094 que
502 1029 575 1092 (5)
600 1038 788 1092 poterat
808 1028 1057 1085 laceravit,
1084 1046 1240 1093 neque
1261 1046 1370 1074 eum
1395 1030 1443 1075 in
1468 1047 1549 1075 sua
1568 1030 1814 1094 provincia

393 1110 589 1172 impune
614 1108 788 1154 versari
822 1107 1061 1171 permisit3
1097 1106 1154 1152 ad
1184 1117 1451 1154 extremum
1479 1108 1608 1172 gravi
1638 1107 1814 1154 damno

391 1186 634 1242 affectum,
655 1186 850 1250 reglone
870 1202 949 1230 sua
971 1185 1127 1249 coegit
1143 1185 1366 1232 excedere
1383 1186 1469 1249 (4),
1494 1184 1646 1232 tribus
1664 1185 1815 1233 homi-

392 1281 511 1309 num
530 1262 743 1309 millibus
763 1263 820 1309 de
839 1263 1050 1310 exercitu
1069 1262 1195 1309 illius
1213 1263 1496 1321 interfectis,
1523 1273 1571 1310 et
1591 1263 1813 1310 trecentis

390 1341 465 1387 vel
485 1357 542 1387 eo
563 1339 764 1404 amplius
784 1340 972 1387 caballis
989 1341 1161 1404 captis,
1186 1350 1363 1405 praeter
1378 1341 1581 1387 sarcinas
1601 1352 1648 1388 et
1664 1340 1812 1404 spolia

390 1417 562 1465 diversi
599 1418 784 1483 generis
818 1418 1027 1482 direpta;
1064 1436 1172 1483 quae
1205 1418 1410 1483 qualiter
1442 1429 1566 1483 gesta
1599 1418 1809 1476 fuerint,

392 1514 478 1560 per
500 1496 676 1562 legatos
700 1513 808 1543 suos
834 1496 1111 1560 imperatori
1135 1495 1363 1543 nunciare
1386 1497 1584 1542 curavit.

458 1573 523 1620 At
572 1574 622 1620 in
669 1571 883 1638 partibus
929 1573 1165 1630 occiduis,
1212 1573 1442 1639 Pippinus
1456 1609 1469 1631 ,
1516 1574 1814 1638 imperatoris

392 1651 544 1708 filius,
572 1654 704 1716 jussu
734 1650 880 1715 patris
911 1651 1219 1698 Wasconiam
1247 1668 1357 1697 cum
1388 1651 1600 1698 exercitu
1627 1652 1814 1716 ingres-

391 1748 493 1786 sus,
521 1728 715 1776 sublatis
743 1747 798 1776 ex
829 1746 880 1776 ea
915 1729 1173 1786 seditiosis,
1208 1738 1358 1775 totam
1389 1746 1491 1775 eam
1516 1728 1814 1793 provinciam

392 1809 455 1855 ita
475 1808 684 1873 pacavit,
710 1817 764 1853 ut
787 1807 948 1854 nullus
972 1808 1022 1853 in
1042 1826 1092 1855 ea
1116 1805 1307 1854 rebellis
1329 1817 1409 1853 aut
1436 1806 1712 1854 inobediens
1737 1824 1814 1853 re-

391 1886 614 1933 mansisse
649 1884 907 1932 videretur.
943 1885 1195 1934 Harioldus
1229 1901 1420 1949 quoque
1443 1885 1575 1947 jussu
1607 1887 1813 1947 impera-

390 1964 508 2010 toris
526 1962 583 2009 ad
601 1980 741 2010 naves
757 1979 860 2009 suas
880 1980 965 2027 per
980 1961 1242 2010 Abodritos
1260 1961 1501 2018 reductus,
1521 1961 1570 2008 in
1589 1960 1810 2025 patriam,

391 2041 523 2105 quasi
544 2058 747 2105 regnum
771 2040 837 2087 ibi
863 2050 1166 2104 accepturus,
1194 2040 1454 2104 navigavit,
1475 2039 1548 2085 cui
1571 2057 1617 2086 se
1640 2039 1736 2086 duo
1756 2056 1811 2086 ex

390 2118 499 2164 filiis
529 2118 801 2175 Godefridi,
830 2119 962 2183 quasi
986 2135 1081 2164 una
1107 2135 1215 2163 cum
1248 2134 1304 2165 eo
1336 2135 1536 2182 regnum
1569 2116 1808 2174 habituri,

390 2195 585 2243 sociasse
606 2195 850 2253 dicuntur,
873 2195 974 2241 aliis
992 2194 1177 2242 duobus
1198 2196 1347 2259 patria
1369 2195 1589 2260 expulsis.
1613 2194 1704 2242 Sed
1721 2193 1811 2243 hoc

436 2423 485 2466 (1)
512 2421 582 2456 All.
605 2421 878 2467 Dramagosus,
900 2421 1165 2467 Dragomosus.

437 2490 487 2532 (2)
515 2488 635 2523 Voces
652 2501 675 2522 a
694 2487 821 2522 Barna
838 2488 876 2522 in
897 2489 977 2522 cod.
999 2488 1215 2524 Vindobon.
1236 2486 1306 2530 654
1322 2487 1588 2523 desiderantur.

437 2555 485 2601 (3)
512 2556 556 2590 D.
577 2556 680 2603 Bouq
700 2569 785 2591 cum
803 2556 966 2591 Nuenar.
988 2558 1121 2592 comite
1145 2573 1150 2590 :
1174 2558 1392 2604 ubicunque.

435 2625 485 2668 (4)
511 2624 628 2659 Codd.
661 2624 869 2659 Hannover.
892 2632 928 2660 et
947 2625 1189 2661 Vindobonn.
1215 2638 1277 2659 110
1301 2633 1337 2660 et
1356 2637 1423 2672 990
1448 2625 1508 2659 hic
1529 2624 1656 2671 legunt
1678 2640 1683 2658 τ
1707 2637 1741 2670 g.
1766 2624 1801 2657 cIe

389 2683 546 2730 (sffi'cluz
571 2686 717 2727 regione
738 2698 799 2719 ςιιιι
819 2687 912 2730 cepi!
932 2685 1120 2719 escedcm.
