1924 3183
427 194 505 231 :2²10
1014 191 1264 230 KAROLUS.

980 319 1283 366 DCCXCIX.

491 432 652 476 Romae
685 430 780 475 Leo
808 445 953 492 papa,
991 445 1124 484 cum,
1161 427 1383 474 letaniam
1413 429 1483 491 (1)
1516 445 1842 492 processurus,

429 510 486 556 de
527 507 770 554 Lateranis
807 506 864 552 ad
901 506 1143 553 ecclesiam
1182 504 1305 552 beati
1346 506 1610 563 Laurentii,
1646 524 1755 570 quae
1791 508 1847 553 ad

430 587 726 634 Graticulam
751 587 819 649 (2)
842 595 1060 644 vocatur,
1085 602 1208 650 equo
1232 585 1396 632 sedens
1419 596 1638 650 pergeret
1653 621 1666 642 ,
1697 587 1744 631 in
1775 586 1849 631 in-

429 667 567 713 sidias
602 684 625 711 a
659 664 885 711 Romanis
919 664 1166 728 dispositas
1203 666 1335 726 juxta
1373 663 1568 710 eandem
1609 663 1849 709 basilicam

429 744 617 791 incidit.
651 742 720 789 lbi
744 760 867 807 equo
888 741 1121 805 dejectus,
1150 752 1196 788 et
1223 742 1369 788 erutis
1395 741 1562 797 oculis,
1595 752 1648 787 ut
1676 741 1850 806 aliqui-

429 823 518 869 bus
556 822 709 867 visum
744 831 837 875 est,
881 820 1039 884 lingua
1074 836 1266 885 quoque
1303 829 1567 883 amputata,
1611 818 1765 865 nudus
1798 836 1850 864 ac

430 899 680 948 semivivus
712 897 760 943 in
790 897 942 961 platea
965 896 1159 943 relictus
1195 908 1280 944 est.
1314 897 1494 944 Deinde
1516 899 1650 960 jussu
1683 915 1852 943 eorum

431 979 514 1043 qui
541 977 677 1040 hujus
700 975 811 1022 facti
834 985 1050 1022 auctores
1072 974 1230 1032 fuere,
1258 977 1306 1021 in
1331 977 1672 1023 monasterium
1692 976 1849 1021 Sancti

430 1056 613 1102 Erasini
648 1054 873 1119 martyris
907 1054 1038 1100 velut
1067 1053 1123 1099 ad
1159 1053 1423 1100 curandum
1458 1055 1653 1111 missus,
1687 1053 1852 1099 Albini

432 1132 694 1196 cujusdam,
719 1129 997 1176 cubicularii
1022 1130 1119 1187 sui,
1143 1148 1271 1186 cura,
1294 1140 1443 1177 noctu
1461 1148 1545 1195 per
1570 1148 1763 1177 murum
1784 1129 1854 1175 di-

432 1211 624 1264 missus,
653 1227 676 1254 a
697 1208 941 1272 VVinigiso
966 1207 1084 1254 duce
1116 1208 1384 1272 Spolitino,
1408 1209 1489 1273 qui
1509 1208 1671 1255 audito
1692 1209 1852 1272 hujus-

431 1286 560 1334 modi
587 1285 800 1331 facinore
819 1285 1024 1331 Romam
1049 1284 1249 1332 festinus
1279 1284 1558 1341 advenerat,
1586 1295 1849 1350 susceptus,

431 1382 483 1410 ac
504 1363 770 1428 Spoletium
789 1361 1017 1409 deductus
1036 1373 1122 1409 est.
1146 1364 1289 1426 Cujus
1307 1363 1374 1409 rei
1397 1365 1625 1409 nuntium
1644 1380 1753 1408 cum
1770 1379 1854 1408 rex

430 1443 682 1506 accepisset
697 1477 708 1499 ,
733 1441 888 1504 ipsum
913 1441 1132 1505 quidem,
1155 1452 1209 1487 ut
1227 1441 1457 1488 vicarium
1479 1441 1637 1487 Sancti
1660 1440 1787 1487 Petri
1808 1450 1856 1486 et

429 1521 703 1566 Romanum
722 1518 1026 1582 pontificem,
1050 1536 1159 1564 cum
1179 1536 1365 1565 summo
1387 1518 1570 1565 honore
1588 1517 1647 1564 ad
1665 1535 1711 1565 se
1729 1535 1855 1582 prae-

432 1597 557 1660 cepit
583 1594 784 1650 adduci3
824 1596 913 1641 iter
949 1605 1107 1642 tamen
1144 1613 1310 1652 suum,
1347 1596 1477 1661 quod
1516 1597 1565 1642 in
1603 1595 1855 1643 saxoniam

430 1673 584 1720 facere
613 1673 950 1729 constituerat,
983 1690 1083 1719 non
1110 1673 1289 1719 omisit.
1323 1672 1499 1719 Habito
1531 1673 1689 1737 itaque
1712 1689 1857 1736 gene-

430 1750 516 1796 rali
535 1761 777 1797 conventu
797 1767 938 1813 super
957 1750 1174 1796 Hrenum
1194 1750 1242 1795 in
1259 1749 1384 1806 loco,
1406 1750 1488 1814 qui
1505 1748 1764 1813 Lippeham
1786 1748 1854 1811 (5)

434 1838 647 1883 vocatur,
691 1826 852 1891 ibique
893 1827 1059 1873 eodem
1099 1844 1238 1873 amne
1275 1827 1573 1883 transmisso,
1609 1844 1717 1872 cum
1750 1835 1856 1873 toto

432 1906 644 1953 exercitu
692 1922 777 1952 suo
825 1904 882 1950 ad
929 1903 1178 1950 Padabrun
1215 1905 1283 1968 (4)
1328 1904 1545 1961 accessit,
1598 1903 1758 1969 ibique
1806 1903 1855 1949 in

433 1984 596 2030 castris
622 1983 896 2040 considens,
923 1982 1164 2046 pontificis
1189 1983 1246 2029 ad
1265 2000 1312 2029 se
1331 1983 1633 2047 properantis
1652 1991 1857 2047 praesto-

432 2062 557 2107 latur
575 2060 849 2107 adventum.
872 2061 1000 2106 Misit
1022 2060 1199 2107 interea
1217 2060 1446 2107 Karolum
1469 2060 1623 2106 fllium
1641 2077 1780 2106 suum
1799 2058 1856 2105 ad

433 2138 595 2185 Albim
629 2154 738 2184 cum
766 2149 899 2201 parte
933 2138 1165 2185 exercitus
1192 2149 1393 2202 propter
1418 2137 1636 2203 quaedam
1665 2137 1854 2202 negotia

479 2358 527 2402 (1)
553 2355 671 2391 Codd.
689 2356 913 2398 Trevirens„
929 2356 1113 2399 Hannov„
1127 2355 1367 2391 Vindobona.
1385 2368 1448 2390 110
1459 2363 1495 2391 et
1505 2368 1586 2404 990,
1601 2363 1637 2390 et
1647 2356 1830 2392 Freherus
1846 2372 1852 2391 τ

434 2418 585 2451 Melania
619 2415 672 2450 vel
708 2416 845 2449 letania
860 2433 869 2455 ;
900 2415 942 2449 D.
978 2416 1095 2463 Bouq.
1129 2428 1212 2450 cum
1249 2416 1409 2450 h'uenar.
1440 2416 1573 2450 comite
1602 2431 1607 2449 :
1640 2416 1782 2450 litania.
1812 2436 1856 2441 —-

435 2490 450 2506 a
468 2476 681 2517 Lentulum,
704 2474 754 2508 ait
771 2474 954 2517 Pertzius,
978 2474 1144 2509 hocloco
1165 2486 1232 2521 pro
1253 2474 1306 2508 ad
1321 2474 1375 2508 vel
1399 2476 1436 2508 in
1455 2475 1629 2508 letaniam
1643 2473 1715 2508 dici
1734 2481 1852 2521 patet,

434 2536 469 2569 in
491 2535 585 2569 libro
604 2534 1012 2581 pontificaliilsitatun13
1032 2535 1075 2568 cf.
1095 2534 1185 2569 edit.
1206 2534 1394 2580 Vignolii,
1417 2535 1471 2577 ΙΙ,
1489 2532 1554 2581 95,
1576 2531 1662 2578 245,
1683 2535 1763 2576 244.
1782 2549 1798 2564 »

480 2595 529 2638 (a.)
556 2593 597 2627 D.
613 2594 737 2639 130qu7
752 2593 911 2627 Nucnar.
925 2600 1063 2627 conret
1074 2593 1268 2635 Frehel'us,
1280 2605 1361 2627 cum
1373 2599 1471 2638 quat.
1482 2592 1603 2635 codd.‚
1620 2592 1852 2627 Craticulam.

483 2650 534 2694 (3)
562 2651 630 2685 All.
656 2652 840 2697 Lippianz,
858 2652 1010 2697 Lippia,
1029 2652 1283 2697 Lippenlleim.

483 2712 528 2752 ¹3)
555 2710 596 2742 1),
618 2711 729 2756 i‘muq.
753 2724 834 2744 runi
859 2711 1016 2744 Nuennr.
1035 2712 1168 2745 comite
1192 2727 1196 2743 t
1223 2710 1546 2743 Pmlmbrmmam.
