1924 3183
411 192 487 228 228
991 183 1240 221 KAROLUS.

410 286 496 332 set,
517 272 894 338 etjuxtalocum,
912 272 993 336 qui
1011 267 1322 317 Burdenwich
1340 270 1412 332 (ι)
1432 280 1645 326 vocatur,
1663 273 1826 334 positis

409 354 573 400 castris
588 388 599 408 ‚
623 350 897 397 sclavorum
911 384 923 405 ,
948 366 1067 413 quos
1086 347 1142 393 ad
1162 366 1209 394 se
1228 347 1392 394 venire
1408 350 1634 411 jusserat,
1660 367 1827 413 expec-

410 440 533 477 taret
575 429 863 482 adventum,
914 426 1075 473 subito
1117 426 1157 472 ei
1201 426 1476 471 nuntiatum
1516 436 1613 482 est,
1649 427 1829 472 VVitzi-

410 527 529 555 num
553 507 653 571 (2),
679 503 1236 570 oegemAbodritorum,
1262 520 1370 548 cum
1393 502 1552 549 Albim
1582 504 1825 560 traiceret,

411 585 461 630 in
479 584 726 648 dispositas
746 600 769 628 a
792 580 1057 627 saxonibus
1090 579 1278 625 insidias
1307 579 1357 625 in
1378 579 1478 643 ipso
1496 580 1695 627 flumine
1718 582 1830 627 inci-

408 663 527 710 disse
543 699 554 719 ,
583 673 630 709 et
653 661 711 707 ab
736 661 800 707 eis
826 678 920 707 esse
945 659 1271 706 interfectum.
1302 658 1441 718 Quod
1464 658 1642 706 factum
1669 661 1831 707 animo

409 742 531 806 regis
551 739 607 786 ad
635 740 840 785 Saxones
860 737 997 782 eitius
1016 735 1321 783 debellandos
1343 736 1473 782 velut
1494 736 1720 800 quosdam
1744 738 1831 782 sti—

409 818 564 865 mulos
597 815 802 870 addidit,
834 825 880 860 et
921 813 970 859 in
1011 813 1175 860 odium
1210 813 1404 877 perfidae
1442 814 1596 877 gentis
1631 814 1831 878 amplius

409 896 648 943 excitavit.
687 894 835 939 Terra
883 893 1028 956 igitur
1070 909 1238 956 magua
1282 909 1336 937 ex
1374 903 1508 955 parte
1541 902 1742 949 vastata,
1786 903 1833 939 et

410 972 678 1027 obsidibus,
709 987 828 1035 quos
857 970 968 1015 dare
990 971 1213 1034 jusserat,
1247 970 1473 1033 acceptis,
1516 970 1563 1014 in
1586 970 1830 1015 Franciam

410 1067 622 1098 reversus
660 1059 744 1095 est.
786 1049 838 1093 In
875 1046 960 1092 hac
991 1045 1321 1110 expeditione,
1361 1047 1476 1092 dum
1511 1058 1659 1093 castra
1693 1065 1834 1111 super

409 1128 572 1176 Albim
601 1126 825 1180 haberet,
849 1134 1086 1171 venerunt
1116 1124 1173 1169 ad
1200 1142 1307 1170 eum
1338 1125 1476 1189 legati
1504 1125 1561 1172 de
1589 1127 1833 1173 Pannonia

409 1207 551 1252 unius
588 1205 662 1268 (5)
700 1222 756 1250 ex
789 1201 1085 1266 primoribus
1120 1203 1376 1249 Hunorum
1397 1239 1408 1257 ‚
1444 1203 1528 1267 qui
1567 1203 1691 1268 apud
1728 1222 1835 1251 suos

409 1284 619 1330 Thudun
639 1283 709 1345 (4)
745 1279 1020 1328 vocabatur.
1060 1281 1102 1326 Is
1138 1291 1186 1326 et
1220 1298 1358 1326 suum
1386 1281 1669 1340 adventum,
1709 1292 1756 1329 et
1789 1300 1836 1329 se

409 1361 722 1407 christianum
756 1358 856 1404 fieri
891 1357 1014 1404 velle
1050 1357 1288 1421 promisit.
1326 1360 1423 1405 Rex
1459 1369 1617 1405 autem
1651 1359 1836 1423 Aquas-

408 1437 542 1501 grani
577 1437 799 1489 veniens,
831 1436 954 1480 sieut
986 1445 1032 1480 et
1059 1451 1188 1480 auno
1221 1435 1464 1498 superiore
1489 1435 1590 1498 (5),
1619 1434 1683 1480 ibi
1715 1446 1835 1483 tem-

407 1513 607 1579 poribus
634 1513 728 1559 suis
756 1523 803 1558 et
831 1511 1047 1558 Natalem
1073 1511 1266 1557 Domini
1293 1522 1339 1558 et
1366 1512 1535 1558 Pascha
1559 1511 1831 1559 celebravit.

976 1651 1267 1698 DCCXCVI.

475 1761 666 1815 Romae,
703 1759 915 1805 Adriano
951 1757 1205 1814 defuncto,
1246 1760 1342 1805 Leo
1368 1759 1702 1823 pontificatum
1735 1778 1837 1806 sus-

411 1838 563 1902 cepit,
605 1847 653 1883 et
686 1853 799 1882 mox
837 1854 924 1899 per
965 1835 1142 1900 legatos
1185 1853 1292 1882 suos
1335 1835 1483 1881 claves
1527 1835 1837 1883 confessionis

411 1915 569 1961 Sancti
596 1914 724 1960 Petri
751 1931 802 1960 ac
827 1913 1054 1960 vexillum
1083 1915 1312 1960 Romanae
1342 1912 1474 1959 urbis
1500 1914 1570 1977 (6)
1598 1932 1707 1960 cum
1734 1915 1838 1962 aliis

412 1991 694 2039 muneribus
727 1993 825 2056 regi
856 1991 1008 2047 misit,
1045 1991 1323 2055 rogavitque
1346 2001 1400 2037 ut
1432 1991 1637 2056 aliquem
1663 1991 1719 2039 de
1744 1994 1837 2039 suis

414 2067 728 2134 optimatibus
761 2069 961 2115 Romam
992 2067 1237 2123 mitteret,
1271 2068 1353 2131 qui
1387 2068 1622 2132 populum
1660 2070 1836 2116 Roma-

414 2163 533 2193 num
566 2143 622 2189 ad
662 2161 793 2189 suam
829 2142 969 2189 fidem
1010 2152 1150 2207 atque
1183 2142 1528 2207 subjectionem
1561 2162 1647 2208 per
1682 2164 1837 2192 sacra-

461 2360 511 2405 (1)
537 2357 610 2393 All.
631 2355 893 2398 Bardemwilz,
915 2355 1161 2398 Bm'denwz'c,
1184 2355 1433 2403 Bai‘clenwig‚
1449 2356 1741 2393 Bardemhumlt.

462 2420 512 2464 (2)
538 2417 611 2453 All.
639 2416 834 2458 Wizimmz,
859 2415 1057 2450 Uar-zinmn
1073 2432 1080 2450 :
1096 2415 1140 2449 D.
1157 2415 1272 2462 Bouq.
1294 2423 1330 2449 et
1350 2416 1471 2451 Nuen.
1492 2428 1612 2451 comes
1630 2433 1635 2450 z
1663 2418 1831 2452 W'z'ltzatv

463 2475 512 2521 (5)
540 2477 594 2509 lta
620 2474 733 2509 haber.
758 2474 863 2508 Pertz
890 2486 973 2507 cuni
998 2473 1104 2507 codd.
1130 2473 1291 2508 melioris
1312 2481 1416 2509 notae.
1444 2475 1487 2508 D.
1510 2475 1671 2510 Nuenar.
1693 2489 1831 2513 comeS.

419 2535 600 2569 Freherus
619 2541 655 2567 et
670 2532 717 2566 D.
738 2533 856 2579 Bouq.
878 2545 984 2566 ιιηιις,

464 2597 513 2639 (4)
540 2594 611 2628 ΑΗ.
638 2592 793 2635 Tudun,
824 2592 990 2635 Tullum,
1019 2591 1174 2635 Tudmi,
1202 2591 1349 2626 Tudzm.

463 2655 511 2700 fij)
538 2656 580 2688 D.
605 2655 717 2700 Bouq.
741 2666 823 2687 cum
846 2654 964 2686 Numi.
983 2654 1105 2687 comit.
1121 2660 1153 2687 et
1171 2653 1249 2686 cod.
1268 2653 1409 2687 Trevir.
1430 2656 1555 2697 primi.

468 2716 511 2752 'eij
538 2714 653 2747 (huid.
678 2714 887 2747 1{;·1111‹›v.‹e=
915 2714 934 2747 N
954 2713 1128 2746 iudobon.
1155 2726 1239 2746 110-
1263 2713 1424 2745 ecclesia?
