1924 3183
347 155 425 189 :300
932 148 1183 187 KAROLUS.

346 239 449 295 nit;
478 247 524 283 et
555 254 605 283 ea
631 235 822 300 quidem
846 254 951 300 pars
976 254 1082 300 quae
1115 236 1171 282 ad
1204 236 1469 284 Sardiniam
1492 249 1562 285 est
1584 239 1730 287 delata
1746 277 1759 298 ‚

346 331 467 378 pene
494 324 594 361 tota
618 313 769 360 deleta
787 324 872 360 est.
901 313 1068 360 Classis
1091 313 1232 359 etiam
1250 312 1665 362 Nortmannorum
1683 318 1765 363 Hi-

345 391 563 438 berniam
577 392 853 437 Scottorum
871 391 944 455 (1)
961 391 1161 437 insulam
1178 409 1406 456 aggressa,
1421 393 1765 458 commissoque

349 486 458 515 cum
475 469 650 515 Scottis
671 469 840 533 praelio
852 505 864 527 ,
879 479 1012 533 parte
1029 485 1128 516 non
1152 469 1335 515 modica
1352 469 1766 518 Nortmannorum

348 546 596 593 interfecta
614 582 627 603 ,
657 547 863 610 turpiter
886 546 1114 611 fugiendo
1138 545 1334 593 domum
1358 563 1542 594 reversa
1566 558 1652 595 est.
1674 549 1766 594 Pax

347 642 456 670 cum
482 623 662 670 Abulaz
686 642 796 689 rege
820 626 1190 672 Sarracenorum
1207 624 1327 671 sacta
1342 661 1354 683 ,
1382 626 1495 673 item
1521 643 1630 672 cum
1650 625 1769 673 duce

347 703 796 749 Beneventanorum
809 703 893 750 Gri
902 702 1105 761 aioaldo,
1116 713 1179 761 et,
1190 702 1361 749 tributi
1376 703 1588 759 nomine,
1600 704 1768 768 viginti

346 781 560 844 quinque
586 780 735 825 millia
761 779 1024 826 solidorum
1048 780 1149 825 auri
1173 798 1198 825 a
1224 780 1569 828 Beneventanis
1595 780 1766 827 soluta.

348 857 606 921 Expeditio
631 858 753 903 facta
778 857 835 904 ad
860 857 1090 915 Wiltzos,
1118 868 1165 905 et
1187 857 1246 903 ab
1273 859 1337 905 eis
1362 857 1546 905 obsides
1570 858 1766 921 accepti.

349 935 600 982 Harioldus
616 936 684 999 (2)
704 947 751 983 et
766 934 1073 1000 Reginfritlus
1089 935 1181 999 (ὅ),
1202 954 1333 1000 reges
1349 937 1613 993 Danorum‚
1634 936 1770 982 missa

350 1012 406 1057 ad
433 1013 771 1075 imperatorem
794 1012 1057 1076 legatione,
1083 1030 1248 1076 pacem
1270 1023 1442 1077 petunt
1458 1049 1471 1071 ‚
1505 1023 1552 1060 et
1575 1012 1772 1059 fratrem

350 1105 489 1133 suum
513 1089 853 1153 Hemmingum
878 1087 966 1134 sibi
991 1089 1173 1135 remitti
1198 1098 1387 1153 rogant.
1413 1090 1516 1136 Hoc
1535 1106 1663 1136 anno
1686 1087 1771 1134 idi-

348 1164 436 1210 bus
461 1166 596 1224 maii,
622 1175 731 1229 post
754 1163 1003 1211 meridiem
1029 1165 1166 1223 solis,
1195 1165 1379 1229 eclipsis
1402 1164 1511 1211 fuit.

918 1305 1212 1352 DCCCXIII.

418 1414 683 1476 Imperator
708 1411 992 1477 Aquisgrani
1023 1411 1277 1470 hiemavit,
1310 1423 1377 1470 et,
1410 1414 1668 1477 incipiente
1691 1430 1774 1458 ve-

353 1489 416 1536 ris
433 1491 507 1554 (4)
526 1491 773 1555 temperie,
794 1489 1120 1536 Amalharium
1136 1492 1205 1554 (5)
1227 1492 1567 1538 Treverensem
1591 1490 1775 1554 episco-

351 1585 464 1631 pum
482 1578 529 1615 et
543 1569 602 1614 Pe
609 1577 737 1614 trum
749 1566 971 1614 abbatem
981 1568 1255 1616 monasterii
1269 1567 1565 1615 Nonantulas
1576 1576 1775 1632 propter

397 1795 451 1841 (ι)
477 1794 547 1830 All.
571 1795 782 1838 Scotorum,
807 1794 1050 1830 Scottlzorum.

399 1864 449 1909 (2)
474 1863 548 1898 All.
570 1863 787 1907 Herioldus,
807 1862 1043 1898 Herilzoldus.

402 1931 452 1977 (5)
476 1931 552 1967 All.
573 1932 850 1979 Ragetgfn'dus,
868 1930 1100 1978 Reitfi'z'dus.

403 2002 452 2046 (4)
479 2001 533 2035 Ita
556 2001 686 2047 legunt
711 2001 820 2036 codd.
841 2001 933 2048 Reg.
957 2001 1072 2035 Paris.
1093 1998 1203 2046 5924,
1226 2005 1263 2033 et
1282 1997 1523 2035 Vindobona.
1550 2010 1611 2031 110
1630 2004 1667 2031 et
1692 2008 1773 2044 990.

356 2061 461 2094 Pertz
478 2076 483 2093 ε
500 2062 610 2094 verni
623 2063 805 2107 temperie.
823 2061 974 2095 Freher.
989 2071 1108 2094 verna
1121 2065 1227 2105 temp.
1244 2058 1405 2092 Nuenar.
1426 2069 1520 2092 eom.
1539 2064 1576 2092 et
1593 2057 1637 2092 D.
1658 2056 1773 2103 Bouq.

357 2131 473 2153 verno
495 2125 669 2165 tempore.

403 2187 453 2233 (5)
479 2187 571 2223 Cod.
595 2188 737 2223 Trevir.
759 2187 1016 2222 Almaharius.
1031 2207 1076 2212 —
1097 2201 1112 2218 α
1130 2187 1173 2220 In
1194 2185 1275 2220 cod.
1298 2197 1366 2219 ms.
1388 2184 1433 2219 de
1454 2184 1563 2231 gestis
1587 2184 1777 2230 episcopo·

358 2260 441 2282 rum
461 2248 619 2291 Trevir.,
636 2248 741 2294 cujus
761 2248 1009 2295 fragmentum
1028 2247 1158 2281 recitat
1174 2244 1410 2280 mabillonius
1427 2245 1466 2278 iu
1487 2243 1588 2278 Actis
1612 2242 1673 2277 SS.
1695 2241 1775 2275 ord.

357 2306 392 2341 S.
418 2307 551 2345 Bened.
575 2307 615 2341 P.
635 2319 658 2340 11
671 2335 680 2351 ,
703 2319 779 2341 saee.
797 2319 853 2351 ιιι,
875 2319 910 2353 p.
927 2304 1013 2349 615,
1034 2307 1109 2340 haec
1126 2305 1333 2340 habentur:
1354 2302 1569 2338 Richbodus
1585 2301 1779 2337 ordinatur

357 2369 567 2413 episcopch
584 2366 719 2401 deinde
740 2367 856 2410 lVizo,
877 2372 961 2413 post
979 2379 1085 2413 quem
1101 2366 1320 2400 Amularius
1340 2364 1584 2405 Fortunatus,
1605 2361 1777 2396 car-clina-

357 2427 401 2460 lis
433 2427 642 2470 Romanus,
679 2428 744 2474 qui
775 2427 909 2460 librum
937 2426 1136 2474 officiorum
1166 2426 1377 2471 composuit.
1408 2423 1477 2458 Hic
1508 2425 1639 2457 missus
1669 2428 1724 2455 est
1756 2435 1776 2454 a

364 2485 499 2519 Karolo
516 2486 659 2531 lllagno
684 2485 1039 2529 Consumlinopolim
1051 2490 1203 2530 propter
1213 2495 1342 2530 pacem
1359 2496 1440 2517 cum
1463 2484 1679 2527 imperatore
1704 2479 1778 2513 Ms-

361 2544 752 2591 1Jmeleformandam.
780 2546 849 2590 Qui
872 2545 1035 2578 Karolus
1059 2545 1211 2578 multum
1236 2555 1397 2577 marmor
1419 2547 1452 2576 et
1474 2552 1636 2574 museum
1660 2540 1777 2584 pluri-

363 2617 458 2637 mum
474 2604 518 2637 do
546 2605 717 2639 Trcbere's
736 2604 787 2638 ad
804 2605 984 2649 palatium
1005 2604 1125 2650 Aquis
1142 2605 1261 2645 ‹vat-it,
1284 2609 1317 2637 el
1336 2602 1381 2637 B.
1406 2602 1514 2635 Petro
1530 2600 1775 2635 aclrvicisw'tu-

364 2663 484 2696 slae'nvm
506 2677 658 2699 munera
681 2664 793 2698 dedit.
816 2680 829 2692 υ
852 2664 913 2706 (l),
939 2664 1069 2710 Bouqst
