1924 3183
459 205 531 243 148
1038 202 1283 243 PIPPINUS.

459 309 537 337 rex
552 290 824 346 revertitur,
845 301 890 337 et
908 292 954 336 in
968 290 1157 337 castello
1174 289 1304 354 quod
1314 289 1489 336 dicitur
1505 290 1602 336 Sels
1615 292 1683 354 (1)
1697 290 1866 338 Pascha

456 366 725 413 celebravit.
766 367 1111 432 Assumptaque
1143 384 1302 413 secum
1336 383 1486 413 uxore
1516 377 1659 431 atque
1691 365 1866 414 familia

456 464 534 491 sua
562 446 738 492 iterum
777 446 833 492 ad
867 445 1036 493 urbem
1067 445 1374 492 Santonicam
1397 445 1544 492 venit.
1577 445 1868 511 Dimissaque

456 523 521 569 ibi
548 542 696 571 uxore
721 536 766 571 et
797 523 999 581 familia,
1033 542 1141 570 cum
1173 523 1398 570 omnibus
1436 524 1583 588 copiis
1616 523 1673 570 ad
1707 542 1870 588 perse-

454 599 697 665 quendum
732 600 1019 646 VVaifarium
1053 600 1222 647 ducem
1264 600 1478 645 animum
1509 599 1743 657 intendit,
1781 617 1868 649 nec

453 679 584 741 prius
607 678 814 733 destitit,
842 696 985 742 quam
1011 689 1093 723 aut
1118 687 1305 741 caperet
1346 687 1426 722 aut
1468 677 1758 724 interficeret
1789 695 1869 725 re-

453 755 712 804 bellantem
736 757 823 820 (2).
853 755 1112 803 Interfecto
1133 756 1279 820 igitur
1303 755 1421 802 duce
1444 755 1680 803 Waifario
1704 756 1752 802 in
1778 766 1869 803 ter-

452 835 625 883 ritorio
661 835 992 898 Petragorico,
1024 833 1365 899 confectoque,
1400 844 1454 880 ut
1482 832 1568 879 sibi
1594 832 1865 892 videbatur,

452 912 740 976 Aquitanico
764 911 916 969 bello,
944 912 1175 958 Santonas
1201 929 1413 958 reversus
1438 922 1523 957 est.
1551 911 1766 976 Cumque
1802 911 1868 957 ibi

450 990 747 1055 aliquantum
765 990 993 1053 temporis
1014 999 1302 1047 moraretur,
1324 989 1608 1053 aegritudine
1623 987 1865 1036 decubuit.

450 1069 502 1113 In
527 1068 623 1131 ipsa
645 1078 802 1114 tamen
823 1067 1092 1114 valetudine
1112 1069 1338 1115 Turonos
1355 1067 1555 1124 delatus,
1577 1067 1701 1131 apud
1720 1068 1867 1114 sancti

448 1145 644 1191 Martini
661 1145 943 1191 memoriam
963 1145 1134 1191 oravit.
1164 1144 1278 1191 Inde
1294 1162 1402 1191 cum
1420 1144 1476 1190 ad
1492 1144 1693 1191 Parisios
1718 1145 1870 1191 venis-

449 1231 548 1280 set,
570 1237 655 1268 V111
681 1221 773 1267 kal.
803 1220 966 1269 octob.
994 1222 1120 1268 diem
1144 1220 1290 1278 obiit3
1323 1223 1453 1284 cujus
1475 1239 1646 1285 corpus
1668 1221 1718 1267 in
1741 1220 1869 1267 basi-

447 1298 535 1344 lica
550 1296 674 1344 beati
691 1299 908 1363 Dionysii
926 1298 1150 1363 martyris
1165 1297 1414 1344 humatum
1428 1307 1513 1344 est.
1531 1298 1636 1343 Filii
1655 1299 1864 1361 vero(3)‚

448 1376 651 1423 Kal-olus
675 1387 721 1423 et
747 1376 1124 1432 Karlomannus,
1154 1392 1387 1421 consensu
1418 1375 1637 1422 omnium
1659 1377 1868 1423 Franco-

447 1470 556 1498 rum
576 1470 707 1517 reges
732 1453 899 1510 creati,
929 1463 975 1499 et
998 1452 1200 1498 Karolus
1229 1452 1277 1498 in
1302 1452 1542 1498 Noviomo
1565 1452 1633 1515 (4)
1653 1452 1863 1507 civitate,

445 1531 797 1577 Karlomannus
825 1531 875 1576 in
907 1531 1137 1577 Suessona
1163 1531 1234 1594 (5)
1263 1530 1462 1595 insignia
1487 1531 1621 1594 regni
1649 1548 1867 1595 suscepe-

448 1619 576 1655 runt.
593 1609 890 1673 Karolusque
910 1609 1001 1673 (6),
1029 1610 1111 1674 qui
1132 1612 1283 1673 maJ'or
1301 1621 1417 1655 natu
1433 1619 1552 1668 erat,
1575 1609 1866 1674 Aquasgrani

448 1687 720 1751 profectus,
750 1686 814 1732 ibi
841 1687 1055 1734 Natalem
1080 1688 1303 1744 Domini,
1343 1697 1390 1734 et
1418 1688 1467 1734 in
1501 1688 1768 1752 Rotomago
1796 1688 1865 1753 (7)

449 1765 637 1812 civitate
659 1763 832 1811 Pascha
858 1764 1130 1812 celebravit.

496 1986 546 2029 (ι)
573 1984 664 2020 Cod.
687 1984 774 2018 olim
790 1984 975 2026 Becccus.,
996 1995 1095 2017 nunc
1112 1982 1206 2028 Reg.
1226 1981 1341 2016 Paris.
1362 1979 1476 2028 5924:
1498 1981 1595 2015 Fels.

496 2044 546 2088 (2)
572 2043 615 2077 D.
632 2043 746 2089 Bouq.
766 2048 799 2076 et
818 2048 963 2087 caperet
983 2047 1017 2074 et
1037 2041 1277 2075 rebellantem
1295 2053 1437 2087 quoque
1455 2040 1691 2086 interficeret.

496 2101 545 2147 (3)
571 2102 616 2136 D.
640 2102 845 2148 Bouq.filii
861 2112 950 2134 vero
970 2100 1062 2146 ejus.

497 2164 547 2208 (4)
568 2163 612 2197 D.
638 2163 751 2208 Bouq.
772 2174 854 2195 cum
875 2160 982 2195 codd.
1002 2161 1211 2195 Hannovei‘.
1232 2166 1269 2193 et
1294 2157 1506 2195 vindobon.
1534 2169 1597 2192 110
1615 2164 1652 2193 et
1669 2169 1737 2205 990
1758 2174 1762 2191 :
1789 2157 1867 2193 No-

453 2224 628 2268 viomago.

498 2281 547 2327 (5)
567 2281 685 2315 Iidem
701 2279 808 2315 codd.
834 2280 1020 2314 Sucssona
1035 2280 1192 2313 civitate.
1214 2277 1259 2312 D.
1278 2278 1392 2325 Bouq.
1417 2278 1628 2312 Suessiona.

500 2339 550 2385 (6)
576 2340 621 2374 D.
638 2339 753 2386 Bouq.
775 2338 812 2373 K
814 2339 1010 2385 arolusque
1026 2338 1282 2384 Aqua-§grand

500 2399 550 2446 (7)
576 2398 635 2433 Sic
648 2398 693 2432 D.
713 2398 828 2443 Bouq.
847 2397 953 2431 Pertz
971 2412 976 2429 :
999 2396 1220 2442 Raturnago.
