1924 3183
404 158 481 195 250
984 155 1233 194 KAROLUS.

403 254 559 288 tamen
583 259 697 305 papa
720 243 800 306 pio
824 243 994 290 affectu
1019 243 1143 307 apud
1168 244 1506 306 imperatorem
1530 245 1817 302 intercessit3

401 338 512 367 nam
531 330 578 366 et
596 320 690 365 vita
715 330 762 367 et
786 319 1115 368 membrorum
1140 321 1384 385 integritas
1403 322 1467 368 eis
1487 339 1703 370 concessa
1723 334 1816 370 est:

402 409 631 445 caeterum
662 417 751 462 pro
787 399 1011 447 facinoris
1046 399 1374 464 magnitudine
1409 400 1551 447 exilio
1585 400 1820 464 deportati

401 487 530 521 sunt.
555 476 703 539 Hujus
725 476 945 524 factionis
965 476 1098 523 fuere
1117 477 1357 540 principes
1375 476 1607 523 Paschalis
1628 493 1824 523 nomen-

404 553 554 599 clator
569 563 615 600 et
633 553 887 618 Campulus
902 554 1166 600 sacellarius
1180 555 1223 618 (1
1237 555 1272 617 ),
1291 564 1338 600 et
1349 554 1489 599 multi
1505 553 1583 600 alii
1599 555 1824 601 Romanae

407 630 536 676 urbis
576 629 863 678 habitatores
903 631 1089 678 nobiles
1107 667 1120 689 ‚
1159 632 1241 696 qui
1283 631 1424 677 simul
1462 648 1628 678 omnes
1666 631 1825 678 eadem

404 709 637 755 sententia
680 708 889 755 damnati
930 721 1058 755 sunt.
1104 709 1344 756 Ordinatis
1385 708 1554 756 deinde
1597 711 1825 756 Romanae

404 785 537 831 urbis
572 796 618 832 et
647 786 895 849 apostolici
929 788 1171 851 totiusque
1207 787 1352 833 ltaliae
1384 802 1484 832 non
1523 797 1710 832 tantum
1740 803 1826 850 pu-

405 863 559 919 blicis,
583 863 661 910 sed
686 865 827 910 etiam
850 864 1174 911 ecclesiasticis
1193 876 1239 911 et
1258 865 1453 928 privatis
1480 864 1620 911 rebus
1640 881 1827 910 —nam

408 953 504 988 tota
520 942 673 989 hieme
687 960 787 989 non
800 943 926 990 aliud
938 943 1052 990 fecit
1067 944 1243 1007 impera
1251 953 1397 989 tor—
1410 944 1642 1008 missaque
1656 943 1829 989 iterum

410 1019 459 1063 in
488 1020 844 1066 Beneventanos
875 1020 1176 1084 expeditione
1206 1037 1314 1064 cum
1344 1019 1550 1083 Pippino
1582 1019 1683 1065 filio
1715 1035 1826 1077 suo,

409 1096 506 1159 ipse
531 1106 639 1159 post
664 1096 864 1153 Pascha,
893 1115 961 1144 Vll
988 1096 1175 1143 kalend.
1205 1097 1348 1143 maias
1379 1097 1531 1143 Roma
1558 1096 1827 1160 profectus,

409 1175 674 1237 Spoletium
695 1175 765 1238 (2)
792 1176 940 1222 venit.
970 1174 1039 1220 Ibi
1064 1175 1177 1221 dum
1209 1185 1350 1230 esset,
1384 1191 1416 1220 11
1446 1174 1633 1221 kalend.
1661 1174 1827 1230 maias,

410 1251 524 1298 hora
544 1253 699 1298 noctis
724 1253 950 1309 secunda,
975 1263 1115 1300 terrae
1134 1263 1296 1299 motus
1314 1254 1548 1299 maximus
1571 1252 1721 1298 factus
1736 1262 1827 1308 est,

409 1346 508 1392 quo
528 1339 626 1376 tota
642 1330 772 1376 Italia
791 1331 999 1395 graviter
1018 1348 1242 1377 concussa
1261 1340 1346 1376 est.
1374 1329 1481 1390 Quo
1497 1339 1635 1376 motu
1652 1339 1831 1376 tectum

410 1405 615 1453 basilicae
639 1407 763 1454 beati
790 1409 922 1454 Pauli
948 1408 1151 1472 apostoli
1176 1426 1344 1473 magna
1370 1426 1426 1455 ex
1449 1418 1584 1472 parte
1608 1425 1715 1453 cum
1739 1408 1832 1453 suis

411 1484 625 1531 trabibus
649 1486 849 1543 decidit,
872 1498 918 1534 et
943 1488 993 1533 in
1012 1485 1296 1552 quibusdam
1317 1487 1432 1533 locis
1455 1485 1597 1533 urbes
1620 1496 1833 1532 montes-

410 1579 502 1626 que
519 1574 741 1609 ruerunt.
764 1564 945 1611 Eodem
969 1582 1098 1611 anno
1117 1564 1218 1610 loca
1239 1564 1457 1628 quaedam
1477 1564 1598 1610 circa
1619 1564 1833 1609 Hrenum

412 1638 614 1684 fluvium
638 1650 685 1686 et
710 1641 759 1687 in
780 1640 928 1687 Gallia
956 1652 1003 1688 et
1028 1642 1077 1687 in
1099 1641 1353 1688 Germania
1382 1650 1702 1687 tremuerunt.
1728 1640 1834 1686 Pes-

412 1717 594 1763 tilentia
619 1729 819 1782 propter
841 1719 1095 1766 mollitiem
1121 1718 1308 1765 hiberni
1340 1720 1568 1783 temporis
1598 1717 1718 1764 facta
1745 1727 1829 1764 est.

412 1795 675 1858 Imperator
692 1795 749 1842 de
769 1796 983 1860 Spoletio
1003 1798 1277 1844 Ravennam
1293 1798 1448 1854 venit,
1472 1808 1518 1844 et
1536 1797 1719 1860 aliquot
1737 1795 1833 1841 dies

413 1871 478 1917 ibi
505 1883 741 1930 moratus,
770 1875 962 1938 Papiam
987 1875 1214 1938 perrexit.
1245 1873 1313 1919 Ibi
1344 1875 1595 1919 nuntIatur
1618 1873 1683 1928 ei,
1714 1873 1834 1938 lega-

415 1960 486 1996 tos
504 1950 664 1998 Aaron
679 1987 691 2007 ‚
718 1952 840 2016 regis
858 1953 1131 2007 Persarum,
1155 1962 1350 2015 portum
1375 1952 1445 2015 (3)
1470 1952 1592 1997 Pisas
1612 1951 1829 2005 intrasse3

412 2025 586 2089 quibus
620 2025 811 2074 obviam
847 2030 1071 2085 mittens,
1111 2029 1237 2075 inter
1273 2028 1516 2075 Vercellos
1559 2039 1606 2074 et
1646 2028 1834 2091 Epore—

412 2103 536 2149 diam
565 2106 635 2166 (4)
665 2122 743 2152 eos
773 2104 861 2151 sibi
893 2106 1006 2153 fecit
1037 2106 1332 2168 praesentari.
1362 2105 1497 2151 Unus
1526 2106 1655 2152 enim
1683 2122 1737 2151 ex
1771 2104 1834 2151 eis

417 2251 621 2296 majestatis
636 2253 703 2295 rei,
724 2253 842 2297 capite
860 2252 1030 2286 damnati
1046 2257 1145 2286 sunt.
1166 2272 1212 2277 --
1229 2252 1300 2286 Hic
1325 2251 1368 2285 D.
1389 2251 1504 2298 Bouq.
1531 2251 1569 2285 in
1589 2251 1685 2285 notis
1704 2249 1807 2284 addit.
1827 2266 1831 2282 :

418 2325 434 2340 «
462 2311 551 2355 Qum
570 2317 777 2357 sequuntur·
794 2324 907 2358 usque
925 2311 978 2346 ad
993 2325 1134 2346 annum
1151 2312 1220 2354 814
1239 2311 1434 2358 desumpta
1452 2318 1538 2346 sunt
1557 2324 1604 2346 ear
1623 2310 1835 2345 Annalibus

416 2371 650 2405 Laiselmnis.
668 2387 683 2401 »
703 2371 763 2406 Ad
778 2384 867 2419 quas
884 2373 1058 2408 lectorem
1076 2373 1245 2407 remittit.

461 2430 511 2474 (ι)
537 2430 591 2464 Ita
609 2429 719 2465 habet
737 2430 781 2464 D.
805 2432 920 2478 Bouq.
948 2445 1031 2466 cum
1051 2431 1139 2466 edit.
1161 2438 1198 2466 et
1216 2431 1364 2477 plerisq.
1386 2430 1492 2464 codd.
1513 2450 1557 2456 —
1579 2430 1683 2464 Pertz
1710 2446 1714 2462 z
1746 2430 1834 2463 Sac—

416 2489 600 2523 cellarius.

464 2549 513 2591 (2)
540 2548 598 2582 Al.
623 2548 823 2593 Spalatum.

466 2606 514 2652 (3)
545 2609 585 2641 Ι).
607 2609 720 2656 ssouq.
745 2611 894 2645 Portum
914 2614 948 2645 iu
973 2612 1088 2646 Pisas(

468 2667 498 2707 fs,
508 2668 515 2699 Ὗ
545 2668 568 2701 Α
578 2667 597 2700 l.
625 2670 836 2714 Issum-ciam.
