1924 3183
396 157 472 198 274
980 155 1227 193 KAROLUS.

396 262 596 308 vereque
622 243 875 291 inchoante
900 245 1158 308 imperator
1178 241 1522 306 Noviomagum
1545 240 1802 304 profectus,

395 333 634 368 transacto
665 321 728 368 ibi
757 321 1142 387 quadragesimali
1162 320 1345 384 jejunio
1362 356 1374 376 ,
1407 319 1642 366 celebrato
1665 321 1802 367 etiam

390 409 553 447 sancto
585 399 779 455 Pascha,
822 400 994 446 iterum
1021 400 1177 463 Aquas
1212 416 1445 463 regressus
1482 408 1566 445 est.
1605 400 1666 443 Et
1696 399 1802 462 quia

388 474 720 532 nuntiabatur,
760 475 1081 523 Godosridum
1114 492 1273 539 regem
1311 474 1555 520 Danorum
1591 475 1637 519 in
1670 472 1802 519 Abo-

388 553 538 600 dritos
566 571 674 599 cum
698 554 909 600 exercitu
939 552 1199 615 trajecisse,
1230 551 1461 597 Karolum
1491 550 1639 596 filium
1668 568 1803 596 suum

370 630 443 676 nd
469 629 655 676 Albiam
681 647 789 675 cum
814 629 963 674 valida
995 629 1290 675 Francorum
1318 638 1365 674 et
1397 628 1635 672 Saxonum
1661 644 1804 672 manu

387 707 541 763 misit,
562 705 736 770 jubens
762 723 932 752 vesano
959 705 1053 768 regi
1081 705 1319 762 resistere,
1346 704 1381 748 si
1406 703 1622 759 Saxoniae
1647 703 1805 748 termi-

388 801 474 830 nos
495 783 680 847 aggredi
706 791 977 844 temptaret.
1001 780 1090 827 Sed
1112 780 1188 827 ille
1207 780 1385 825 stativis
1406 797 1489 843 per
1509 778 1691 843 aliquot
1709 777 1805 825 dies

390 862 436 906 111
459 861 621 906 littore
644 858 813 905 habitis
832 894 843 914 ,
867 859 1145 923 expugnatis
1165 858 1305 904 etiam
1325 868 1371 903 et
1390 873 1533 902 manu
1553 857 1700 919 captis
1717 856 1805 901 ali-

386 948 506 1001 quot
530 936 806 981 selavorum
830 934 1058 992 castellis,
1092 951 1201 979 cum
1226 950 1397 997 magno
1431 933 1672 995 copiarum
1700 949 1806 977 sua—-

386 1031 495 1059 rum
509 1011 799 1059 detrimento
814 1029 1026 1057 reversus
1038 1020 1122 1057 est.
1136 1010 1274 1066 Nam,
1293 1010 1402 1055 licet
1418 1011 1804 1071 Trasconem(1)‚

385 1090 553 1136 ducem
564 1087 930 1144 Abodritorum,
945 1088 1248 1152 popularium
1262 1086 1562 1133 fideidiffiden
1571 1097 1683 1141 tem,
1702 1087 1807 1133 loco

386 1166 664 1230 pepulisset,
682 1163 996 1210 Godelaibum
1015 1164 1104 1226 (2),
1121 1164 1265 1208 alium
1282 1163 1446 1209 ducem
1460 1198 1471 1218 ‚
1489 1162 1601 1210 dolo
1618 1174 1808 1227 captum

387 1243 604 1308 patibulo
636 1242 979 1306 suspendisset,
1012 1240 1357 1288 Abodritorum
1389 1241 1501 1286 duas
1532 1251 1685 1305 partes
1720 1240 1806 1286 sihi

386 1321 637 1386 vectigales
662 1321 871 1377 fecisset,
899 1321 1108 1384 optimos
1134 1330 1291 1366 tamen
1316 1319 1524 1364 militum
1548 1337 1744 1365 suorum
1764 1330 1810 1365 et

387 1418 530 1446 manu
556 1399 937 1464 promptissimos
962 1399 1118 1444 amisit
1134 1434 1146 1455 ,
1178 1409 1225 1445 et
1249 1415 1357 1443 cum
1382 1399 1446 1444 eis
1473 1397 1626 1444 filium
1650 1397 1810 1443 fratris

390 1478 486 1534 sui,
515 1478 709 1524 nomine
728 1476 1047 1541 Reginoldum
1062 1512 1073 1531 ,
1095 1477 1177 1541 qui
1205 1477 1253 1521 in
1277 1476 1633 1540 oppugnatione
1654 1478 1810 1539 cujus-

389 1555 497 1600 dam
517 1553 678 1617 oppidi
705 1571 814 1598 cum
835 1553 1054 1617 plurimis
1079 1553 1323 1599 Danorum
1346 1552 1641 1616 primoribus
1667 1553 1812 1599 inter-

389 1632 540 1679 fectus
570 1642 655 1678 est.
694 1631 840 1677 Filius
870 1642 1028 1677 autem
1062 1632 1360 1695 imperatoris
1390 1631 1591 1677 Karolus
1624 1630 1811 1676 Albiam

392 1721 540 1775 ponte
560 1710 749 1774 junxit,
777 1720 822 1756 et
841 1711 1097 1756 exercitum
1120 1711 1194 1755 cui
1221 1720 1423 1773 praeerat
1446 1709 1492 1754 in
1517 1710 1722 1757 Linones
1742 1710 1810 1772 (ὃ)

394 1800 442 1835 et
456 1788 771 1852 SmeldingOS,
788 1788 867 1852 qui
887 1798 932 1834 et
950 1788 1035 1851 ipsi
1056 1786 1441 1834 adGodofridum
1461 1804 1618 1851 regem
1635 1786 1813 1834 defece-

396 1877 528 1923 rant,
546 1877 720 1931 quanta
732 1866 891 1930 potuit
905 1866 1142 1913 celeritate
1158 1866 1464 1929 transposuit,
1483 1866 1813 1930 populatisque

398 1945 766 2008 circumquaque
791 1961 959 1991 00111111
986 1944 1131 2008 agris,
1162 1944 1361 1989 transito
1387 1943 1559 1989 iterum
1587 1943 1810 1997 flumine,

399 2038 507 2067 cum
527 2020 754 2066 incolumi
783 2021 992 2066 exercitu
1018 2021 1066 2066 in
1094 2020 1345 2066 Saxoniam
1368 2038 1414 2066 se
1438 2020 1634 2084 recepit.
1662 2021 1815 2066 Erant

398 2117 508 2145 cum
544 2097 809 2145 Godofrido
849 2099 894 2144 in
934 2099 1233 2163 expeditione
1278 2098 1502 2162 praedicta
1547 2099 1697 2145 Sclavi
1731 2100 1813 2163 qui

399 2177 628 2222 dicuntur
647 2175 811 2221 Wiltzi
827 2211 838 2230 ,
862 2176 942 2239 qui
963 2187 1162 2239 propter
1180 2175 1398 2240 antiquas
1415 2176 1684 2222 inimicitias
1702 2193 1814 2240 quas

400 2271 509 2299 cum
535 2251 777 2298 Abodritis
804 2250 976 2299 habere
1006 2251 1247 2308 solebant,
1275 2263 1444 2316 sponte
1474 2270 1520 2299 se
1548 2252 1694 2316 copiis
1715 2254 1815 2316 ejus

402 2333 780 2394 conjunxerunt,
818 2329 1013 2393 ipsoque
1044 2330 1090 2375 111
1118 2347 1318 2393 regnum
1350 2347 1487 2375 suum
1517 2326 1810 2384 reuertente,

406 2461 564 2470 .——.—-—

445 2546 495 2589 (1)
520 2543 590 2578 All.
619 2543 885 2583 Drasocanem,
908 2542 1156 2582 Drasconem;
1181 2543 1339 2576 Nuenar.
1360 2553 1478 2575 00111ος
1502 2557 1507 2574 ;
1536 2540 1811 2575 ΤΙιντι.ςι”σονιεηι,

447 2606 497 2648 (9.)
525 2602 579 2637 Al.
608 2601 865 2636 Godolaibum.

447 2663 494 2706 (3)
524 2662 590 2696 All,
619 2662 782 2699 Lilmerw,
810 2661 1008 2695 Hilinones.
