1924 3183
336 181 414 216 310
854 178 1226 218 HLUDOWICUS.

335 266 392 313 ad
406 266 639 312 domnum
656 265 887 312 Karolum
898 302 911 324 ‚
931 276 979 313 et
995 283 1081 330 per
1097 283 1176 314 eos
1193 266 1562 329 descriptionem
1581 279 1628 316 et
1645 287 1756 317 eon-2

334 342 658 390 firmationem
680 344 805 407 pacti
832 360 884 389 ac
908 342 1106 390 foederis
1138 343 1284 390 misit.
1319 343 1503 404 Quibus
1532 349 1757 410 susceptis

335 430 479 483 atque
523 419 724 467 dimissis
740 457 753 477 ,
796 420 1002 469 domnus
1048 420 1358 469 Hludowieus
1398 421 1574 486 legatos
1617 441 1725 470 suos
1741 460 1754 479 ,

333 496 662 544 Nordbertum
695 499 764 562 (ι)
800 499 1080 563 Regiensem
1113 498 1389 563 episcopum
1425 509 1472 546 et
1507 498 1758 548 Richowi-

334 594 453 622 num
480 576 549 639 (2)
579 576 901 625 Pictavensem
928 578 1154 625 comitem
1170 578 1268 641 (3),
1295 576 1353 623 ad
1375 578 1585 625 Leonem
1608 579 1759 642 impe—

333 665 545 701 ratorem
573 654 636 702 ob
664 655 989 703 renovandam
1019 673 1177 703 secum
1206 656 1466 702 amicitiam
1488 667 1536 704 et
1562 656 1759 720 praedic-

334 742 440 778 tum
476 743 669 796 pactum
704 733 1088 780 confirmandum
1127 733 1303 781 direxit
1339 734 1455 797 (4)‘;
1499 733 1759 799 habitoque

333 809 621 875 Aquisgrani
651 811 860 876 generali
889 811 1056 875 populi
1087 813 1157 858 sui
1193 823 1434 860 conventu
1465 813 1523 859 ad
1548 813 1759 877 justicias

332 885 569 933 faciendas
599 897 647 933 et
676 887 1005 951 oppressiones
1029 888 1335 952 popularium
1362 889 1658 947 relevandas,
1692 889 1760 936 le-

335 974 466 1028 gatos
492 965 542 1010 in
566 981 731 1011 omnes
760 966 894 1030 regui
919 966 989 1011 sui
1015 977 1173 1029 partes
1194 966 1375 1012 dimisit
1399 968 1498 1031 (5);
1522 967 1761 1014 Bernhar-

335 1043 451 1089 dum
478 1060 641 1108 regem
665 1043 840 1101 Italiae,
868 1055 1098 1108 nepotem
1128 1062 1292 1101 suum,
1319 1045 1377 1091 ad
1403 1063 1450 1092 se
1482 1055 1757 1101 evocatum,

334 1119 618 1167 muneribus
639 1120 872 1168 donatum
895 1121 969 1185 (6)
991 1122 1042 1168 in
1066 1139 1270 1186 regnum
1288 1124 1496 1179 remisit3
1525 1141 1634 1170 cum
1654 1122 1761 1169 Gri-

336 1199 553 1256 moaldo,
593 1201 1041 1247 Beneventanorum
1077 1199 1220 1257 duce,
1254 1211 1447 1264 pactum
1478 1201 1593 1248 fecit
1621 1212 1762 1266 atque

335 1276 571 1335 firmavit,
599 1293 655 1324 eo
679 1276 825 1324 modo
853 1294 952 1342 quo
985 1289 1032 1324 et
1059 1288 1212 1343 pater,
1236 1278 1415 1325 scilieet.
1440 1288 1494 1324 ut
1523 1279 1763 1325 Beneven-

335 1354 436 1399 tani
465 1352 702 1401 tributum
724 1355 861 1401 annis
888 1354 1085 1419 singulis
1112 1365 1292 1419 septem
1311 1355 1459 1401 millia
1482 1355 1656 1402 solidos
1679 1355 1763 1401 da-

337 1442 471 1487 1¹ent;
497 1441 614 1477 tunc
632 1431 750 1478 duos
770 1449 825 1478 ex
845 1431 955 1478 filiis
974 1433 1093 1489 suis,
1117 1432 1423 1479 Hlotharium
1442 1434 1512 1496 (7)
1535 1434 1584 1479 in
1602 1435 1761 1495 BaJOa-

337 1509 482 1565 riam,
517 1510 776 1573 Pippinum
812 1510 863 1556 in
899 1510 1206 1575 Aquitaniam
1242 1501 1385 1557 misit.
1426 1510 1679 1558 Harioldus
1716 1522 1763 1558 et

336 1586 641 1650 Reginfridus
659 1605 790 1651 reges
809 1587 1055 1634 Danorum
1068 1623 1081 1644 ‚
1103 1588 1184 1652 qui
1204 1604 1332 1634 anno
1352 1588 1596 1652 superiore
1612 1606 1635 1633 a
1654 1588 1763 1634 filiis

339 1662 595 1710 Godofridi
620 1664 733 1709 victi
759 1674 805 1711 et
828 1681 978 1728 regno
1005 1664 1127 1728 pulsi
1152 1664 1374 1721 fuerunt,
1400 1666 1627 1729 reparatis
1652 1666 1764 1711 viri-

338 1741 452 1798 bus,
479 1742 655 1788 iterum
673 1742 736 1788 eis
756 1739 938 1788 bellum
958 1741 1256 1799 intulerunt3
1283 1743 1331 1788 in
1353 1760 1449 1807 quo
1471 1742 1699 1789 conflictu
1717 1754 1763 1789 et

339 1818 646 1883 Reginfridus
664 1829 712 1864 et
728 1835 850 1864 unus
868 1818 926 1865 de
945 1818 1053 1865 filiis
1073 1818 1325 1866 Godofridi
1339 1855 1352 1875 ,
1371 1820 1452 1883 qui
1474 1821 1625 1882 major
1648 1829 1763 1865 natu

340 1907 467 1953 crat,
497 1895 775 1942 interfectus
800 1905 887 1942 est.
915 1896 1022 1956 Quo
1046 1896 1201 1952 facto,
1232 1896 1483 1943 Harioldus
1506 1896 1647 1943 rebus
1669 1899 1763 1942 suis

339 1971 552 2019 diffidens
567 2009 580 2032 ,
604 1972 660 2018 ad
689 1974 1028 2036 imperatorem
1047 1974 1179 2020 venit
1196 2009 1208 2028 ,
1239 1984 1286 2020 et
1309 1991 1355 2020 se
1379 1973 1428 2019 in
1449 1991 1616 2018 manus
1639 1973 1763 2019 illius

387 2145 438 2189 (1)
464 2143 536 2178 All.
558 2142 803 2184 Norhertum,
825 2139 1142 2175 Nor-dasbertum.

387 2204 438 2248 (2)
463 2202 536 2237 All.
552 2200 789 2243 Riclminzmz,
814 2199 1050 2242 Riclzonium,
1076 2200 1326 2234 Richwimmz.

387 2261 437 2307 (5)
462 2263 517 2296 Ita
531 2261 660 2308 legunt
674 2260 837 2294 Nuenar.
851 2266 888 2294 et
899 2260 943 2294 D.
962 2260 1078 2307 Bouq.
1090 2260 1232 2295 ——Cod.
1248 2261 1416 2295 Hannov.
1435 2261 1643 2295 Pitavz'num
1661 2263 1762 2294 comi-

343 2329 433 2362 lem;
455 2320 607 2356 Frcher.
624 2319 849 2359 Pictavium;
869 2319 975 2353 Pertz
997 2335 1002 2351 t
1027 2318 1260 2353 Patawimcm.

386 2381 438 2426 (4)
463 2380 624 2415 Nuenar.
642 2391 734 2413 com.
754 2385 792 2413 et
808 2379 853 2412 D.
876 2378 993 2425 Bouq.
1015 2381 1122 2414 misit.

388 2440 438 2486 (5)
464 2440 535 2475 lid.
554 2441 723 2487 suifines
743 2441 852 2473 misit.

389 2500 441 2544 (6)
468 2499 537 2534 Iid.
560 2498 711 2533 donavit
728 2505 762 2533 el
778 2501 815 2532 in
836 2510 1002 2545 regumn.

388 2561 438 2607 (7)
463 2559 556 2593 Cod.
590 2559 878 2593 Hannovcranus
907 2573 913 2591 z
948 2558 1183 2595 Illularium:
1216 2558 1296 2593 cod.
1328 2558 1625 2594 Yindobonensis
1659 2569 1719 2589 110
1753 2573 1756 2589 ς

348 2618 573 2652 bulliat-ium.
593 2638 634 2642 -
654 2618 862 2652 Nuenarius
883 2629 976 2651 com.
1002 2624 1036 2651 et
1057 2617 1100 2650 D.
1127 2617 1242 2664 Bouq.
1270 2635 1274 2651 :
1297 2618 1511 2652 Lollzarinm
1530 2624 1565 2650 ct
1587 2617 1635 2650 im
1655 2615 1758 2650 dein*

343 2691 437 2723 (0¹13.
