1924 3183
379 164 455 199 ‘268
964 161 1211 199 KAROLUS.

376 257 504 293 sunt.
550 248 813 310 Imperator
852 245 1107 293 celebravit
1142 247 1353 293 Natalem
1388 248 1579 294 Domini
1620 250 1795 314 Aquis-

380 325 528 388 graui.

956 464 1217 512 DCCCVII.

446 571 589 617 Anno
603 572 862 635 superiore,
881 590 927 618 1v
942 589 1057 618 uon.
1074 570 1304 635 septemb.
1315 607 1326 627 ,
1343 570 1436 617 fuit
1447 571 1629 635 eclipsis
1643 571 1795 627 lunae3

383 662 496 695 tunc
535 648 687 696 stabat
717 651 784 697 sol
822 650 869 696 in
898 649 1075 697 decima
1104 660 1229 696 sexta
1266 659 1398 712 parte
1414 650 1650 714 Virginis,
1687 649 1798 695 luna

380 737 537 773 autem
586 727 631 772 in
679 726 859 773 decima
898 738 1023 773 sexta
1066 738 1198 790 parte
1238 727 1459 773 Piscium.
1502 728 1603 774 Hoc
1642 737 1800 774 autem

381 821 531 859 anno,
566 804 718 867 pridie
754 804 846 850 kal.
890 803 1035 860 febr„
1076 804 1169 849 fuit
1206 804 1317 850 luna
1355 803 1533 851 decima
1572 804 1797 867 septima,

381 881 572 945 quando
607 882 738 929 stella
767 882 895 928 Jovis
928 882 1057 947 quasi
1091 900 1176 946 per
1210 901 1312 928 eam
1350 882 1551 929 transire
1582 883 1676 927 visa
1703 892 1799 939 est,

382 971 428 1005 et
465 977 515 1005 111
555 961 616 1006 id.
655 959 801 1016 febr„
844 959 937 1006 fuit
974 960 1158 1024 eclipsis
1183 960 1293 1006 solis
1327 959 1478 1007 media
1511 960 1613 1016 die,
1651 969 1804 1005 stante

382 1048 588 1101 utroque
618 1037 768 1084 sidere
797 1038 845 1083 in
875 1037 1089 1083 vicesima
1114 1037 1280 1101 quinta
1306 1047 1439 1100 parte
1469 1036 1684 1101 Aquarii.
1716 1037 1804 1082 lte-

383 1131 491 1158 rum
517 1131 565 1160 lv
590 1113 680 1159 kal.
709 1124 873 1172 mart„
904 1113 996 1158 fuit
1023 1113 1206 1175 eclipsis
1230 1113 1356 1158 lunae
1373 1148 1385 1169 ‚
1414 1123 1460 1159 et
1483 1121 1804 1175 apparuerunt

382 1192 500 1237 acies
526 1192 686 1238 eadem
713 1202 854 1238 nocte
878 1192 1014 1237 mirae
1038 1191 1379 1254 magnitudinis
1395 1226 1408 1247 ,
1436 1200 1483 1236 et
1506 1190 1576 1235 sol
1601 1190 1730 1236 stetit
1754 1189 1802 1235 in

382 1268 627 1315 undecima
646 1279 778 1333 parte
792 1270 1015 1325 Piscium,
1037 1279 1082 1315 et
1102 1268 1210 1314 luna
1228 1269 1277 1313 in
1297 1268 1541 1315 undecima
1558 1279 1690 1331 parte
1701 1268 1805 1315 Vir-

383 1347 522 1409 ginis.
545 1347 665 1393 Nam
682 1357 728 1393 et
741 1346 871 1392 stella
891 1346 1134 1402 Mercurii,
1153 1363 1234 1391 xvi
1253 1345 1346 1391 kal.
1364 1345 1543 1409 aprilis,
1559 1345 1655 1391 visa
1671 1345 1804 1391 estin

384 1423 481 1470 sole
504 1425 633 1488 quasi
658 1442 799 1487 parva
826 1424 1004 1470 macula
1031 1424 1183 1488 nigra,
1212 1423 1458 1487 paululum
1482 1423 1694 1486 superius
1713 1440 1806 1469 me-

384 1501 463 1547 dio
489 1503 559 1565 (1)
589 1513 756 1549 centro
783 1502 989 1566 ejusdem
1017 1502 1207 1556 sideris,
1230 1520 1337 1567 quae
1363 1520 1385 1547 a
1406 1502 1547 1550 nobis
1571 1513 1681 1548 octo
1709 1500 1806 1548 dies

386 1579 653 1642 conspicata
685 1591 752 1626 est
783 1580 868 1641 (2).
911 1578 1003 1625 Sed
1033 1577 1224 1644 quando
1259 1579 1469 1642 primum
1507 1578 1704 1624 intravit
1734 1578 1806 1624 vel

387 1657 555 1712 exivit,
580 1655 788 1703 nubibus
814 1656 1180 1720 impedientibus
1195 1692 1206 1712 ,
1235 1657 1433 1703 minime
1454 1667 1620 1703 notare
1641 1656 1808 1719 potui—

387 1736 781 1797 11n1s(5).lterum
794 1752 952 1781 mense
963 1745 1178 1798 augusto,
1195 1734 1346 1779 xlkal.
1361 1733 1610 1797 septemb„
1627 1734 1808 1797 eclipsis

387 1811 515 1857 lunae
541 1813 660 1858 sacta
682 1824 750 1859 est
773 1812 887 1859 liora
908 1813 1062 1859 noctis
1084 1813 1219 1859 tertia
1234 1847 1246 1867 ‚
1273 1812 1370 1858 sole
1392 1813 1547 1874 posito
1573 1812 1621 1857 in
1642 1812 1806 1875 quinta

386 1899 519 1951 parte
539 1889 749 1954 Virginis
768 1900 814 1936 et
835 1889 946 1935 luna
966 1890 1014 1935 in
1034 1889 1200 1954 quinta
1218 1899 1349 1951 parte
1368 1888 1590 1934 Piscium.
1614 1888 1805 1951 Sicque,

388 1963 447 2009 ab
486 1965 596 2010 anni
635 1966 892 2029 superioris
933 1964 1222 2030 septembrio
1261 1982 1408 2029 usque
1445 1964 1500 2010 ad
1539 1965 1650 2010 anni
1686 1982 1808 2028 prae-

390 2044 534 2089 sentis
546 2043 906 2106 septembrium,
926 2055 997 2090 ter
1012 2044 1123 2090 luna
1137 2042 1384 2090 obscurata
1402 2053 1489 2098 est,
1504 2055 1549 2089 et
1563 2043 1632 2089 sol
1649 2042 1807 2089 semel.

390 2121 654 2168 Radbertus
677 2123 748 2185 (4)
764 2158 775 2177 ,
804 2122 970 2168 missus
997 2121 1317 2185 imperatoris,
1342 2122 1421 2185 qui
1446 2121 1502 2167 de
1523 2121 1718 2167 Oriente
1741 2137 1813 2166 re-

392 2198 684 2257 vertebatur,
710 2200 962 2247 defunctus
990 2209 1083 2255 est,
1113 2210 1159 2246 et
1183 2199 1360 2264 legatus
1386 2199 1509 2263 regis
1533 2199 1807 2254 Persarum,

437 2380 488 2423 (1)
515 2379 569 2412 lta
587 2378 723 2412 habent
743 2378 849 2413 codd.
874 2377 1090 2413 Vindobon.
1117 2389 1179 2412 ιιο
1203 2383 1241 2411 et
1262 2375 1456 2423 Amberg.;
1483 2375 1644 2409 Nuenar.
1666 2385 1804 2414 comest,

400 2437 549 2471 Frclier.
572 2443 607 2470 et
622 2436 667 2470 D.
687 2437 804 2484 Bouq.
823 2458 863 2462 —
879 2437 984 2471 Pertz
1003 2452 1008 2470 :
1032 2435 1164 2470 media.

439 2498 489 2541 (¹2)
516 2497 574 2531 Sic
590 2497 633 2531 D.
655 2497 769 2544 Bouq.
795 2498 830 2531 in
852 2504 927 2532 not.
943 2518 986 2522 —-
1003 2497 1109 2531 Pertz
1129 2512 1135 2530 τ
1157 2497 1391 2541 conspicitur.

442 2555 489 2599 (5)
518 2556 679 2590 Nuenar.
706 2569 797 2590 coni.
827 2558 910 2591 ilem
937 2556 1116 2590 adnotare
1143 2556 1339 2599 potnimm.
1366 2551 1442 2587 Cod
1481 2550 1690 2585 vindobon.
1717 2562 1779 2583 110
1804 2566 1807 2581 -.

398 2621 516 2648 malam
535 2618 664 2659 [wlnil.

451 2676 491 2712 ''1''
531 2675 589 2707 Xll.
616 2675 853 2709 Harllmslw.
878 2676 1084 2710 lu'allwrtum
