1924 3183
411 170 461 204 98
745 164 867 202 VITA
899 164 1091 201 KAROLI
1124 163 1484 202 IMPERATORIS.

410 255 473 298 ita
497 252 796 307 construxit,
825 263 876 297 ut
909 252 1183 315 perenniter
1201 251 1371 298 durare
1399 269 1534 315 posse
1561 253 1820 308 videretur,

410 331 472 375 ita
490 327 644 375 tribus
668 327 798 375 horis
816 328 1023 375 fortuitu
1047 329 1120 392 (1)
1143 327 1363 375 incendio
1387 329 1711 395 conflagravit,
1737 341 1790 376 ut
1807 366 1819 385 ,

408 417 584 471 praeter
607 406 736 471 quod
765 424 883 471 aqua
910 406 1179 470 tegebatur,
1210 424 1269 453 ne
1300 423 1393 452 una
1425 407 1617 471 quidem
1642 407 1819 454 hastula

406 502 463 531 ex
484 501 539 531 eo
562 494 847 531 remaneret.
881 485 982 547 Ipse
1000 500 1191 547 quoque
1216 500 1326 528 eum
1349 483 1566 530 ultimam
1597 485 1646 529 in
1673 484 1823 531 Saxo-

407 563 535 608 niam
575 562 926 626 expeditionem
965 570 1129 607 eontra
1163 559 1475 607 Godefridum
1520 561 1591 624 (2)
1610 598 1622 622 ,
1663 579 1822 626 regem

407 640 680 695 Danorum,
709 649 890 703 ageret,
917 639 1117 702 quadam
1157 637 1260 697 die,
1287 656 1393 684 cum
1411 675 1423 695 ,
1462 649 1571 686 ante
1601 651 1821 686 exortum

407 717 534 772 solis,
557 717 717 762 castris
734 733 957 780 egressus,
983 717 1073 762 iter
1086 734 1220 779 agere
1239 717 1477 780 coepisset,
1496 717 1615 763 vidit
1627 728 1822 781 repente

404 795 637 857 delapsam
659 793 851 839 coelitus
872 810 979 838 cum
1000 793 1179 857 ingenti
1202 793 1382 840 lumine
1402 794 1472 857 (ὅ)
1496 794 1646 841 facem
1664 812 1688 839 a
1713 794 1823 841 dex-

406 882 477 917 tra
500 872 548 916 in
574 871 811 917 sinistram
837 888 921 933 per
941 887 1160 916 serenum
1178 887 1281 916 aera
1304 881 1648 928 transcurrere,
1672 888 1821 917 cunc-

404 949 559 1012 tisque
587 946 676 994 hoc
697 947 884 1010 signnm
901 981 911 1000 ,
940 946 1055 1010 quid
1079 945 1412 1009 portenderet,
1450 946 1820 1001 admirantibus,

404 1023 563 1070 subito
585 1041 732 1087 equus
751 1040 890 1087 quem
911 1022 1099 1068 sedebat
1120 1023 1187 1086 (4)
1203 1058 1214 1079 ,
1236 1023 1386 1086 eapite
1408 1022 1630 1069 deorsum
1647 1040 1819 1079 merso,

403 1102 577 1149 decidit
596 1137 608 1157 ,
651 1118 853 1165 eumque
891 1112 987 1146 tam
1022 1101 1230 1163 graviter
1264 1100 1320 1146 ad
1364 1111 1539 1147 terram
1578 1101 1724 1158 elisit,
1768 1112 1824 1146 ut

406 1179 550 1226 fibula
581 1179 674 1243 sagi
708 1188 845 1241 rupta
879 1176 1129 1241 balteoque
1168 1177 1307 1242 gladii
1344 1178 1598 1241 dissipato,
1632 1197 1657 1224 a
1689 1178 1824 1225 festi-

405 1255 629 1302 nantibus
658 1255 739 1319 qui
773 1254 968 1300 aderant
1003 1254 1232 1299 ministris
1264 1265 1555 1311 exarmatus,
1591 1271 1691 1301 non
1724 1256 1824 1301 sine

403 1332 693 1380 adminiculo
727 1331 824 1395 (5),
861 1330 1112 1377 levaretur.
1139 1331 1357 1377 Jaculum
1385 1332 1528 1378 etiam
1552 1332 1683 1396 quod
1709 1342 1823 1378 tunc

403 1410 530 1458 forte
550 1427 696 1456 manu.
720 1407 910 1454 tenebat
924 1444 936 1463 ,
964 1408 1026 1453 ita
1044 1407 1255 1472 elapsum
1276 1418 1371 1464 est,
1399 1419 1454 1453 ut
1477 1409 1649 1473 viginti
1674 1409 1748 1455 vel
1767 1426 1822 1456 eo

405 1487 606 1552 amplius
630 1485 805 1550 pedum
836 1486 986 1549 spatio
1017 1485 1158 1549 longe
1171 1487 1365 1549 jaceret.
1415 1485 1624 1532 Accessit
1647 1485 1704 1532 ad
1732 1484 1823 1532 hoc

451 1667 502 1710 (ι)
528 1665 596 1699 Sex
614 1662 909 1709 codd.f0rt1cit0.
925 1683 964 1686 —
977 1661 1070 1696 Cod.
1090 1660 1379 1707 Gothan.f0rti.

453 1729 502 1772 (2)
528 1725 601 1761 All.
641 1723 893 1771 Goloslidum,
940 1723 1204 1771 Godqfridum,
1244 1723 1508 1770 Dogofridum,
1553 1723 1818 1771 Togqftidum,

414 1784 653 1832 Logcfiislam
664 1812 671 1827 ,
697 1782 936 1829 Goflfrislam.

453 1844 504 1889 (5)
529 1842 651 1879 Codd.
668 1841 883 1877 Vindobon.
904 1840 971 1876 338
987 1848 1024 1875 et
1043 1841 1238 1876 Zwetlens.
1261 1841 1352 1875 luce.

453 1904 502 1948 (4)
528 1901 647 1938 Codd.
666 1914 773 1947 quem
783 1912 895 1946 super
911 1899 1080 1940 seclebat‚·
1100 1913 1212 1946 super
1228 1913 1392 1947 quem...
1407 1917 1416 1939 ‚·
1432 1902 1469 1934 in
1488 1913 1641 1947 quo....;
1661 1901 1721 1933 cui
1736 1901 1824 1933 insi-

409 1964 532 1997 (lebal-

455 2023 506 2069 (5)
532 2022 620 2058 Non
634 2021 735 2055 deest
749 2021 786 2054 in
804 2032 863 2055 sex
878 2019 984 2054 codd.
999 2035 1007 2063 3
1030 2031 1104 2054 non
1119 2019 1210 2054 nulli
1226 2020 1365 2055 habent
1380 2033 1465 2060 Πρω
1488 2019 1698 2066 quindecim
1719 2017 1826 2052 codd.

411 2089 458 2116 et.
485 2103 526 2107 -
547 2080 639 2116 Cod.
668 2079 856 2114 Bodleian.
878 2080 931 2122 H,
958 2078 1004 2126 59
1024 2095 1030 2112 ε
1054 2085 1271 2113 exarmatus
1296 2085 1360 2113 aut
1382 2081 1459 2113 sine
1478 2079 1656 2118 amicul0;
1677 2076 1777 2124 quod
1801 2076 1828 2109 si

410 2143 480 2177 hoc
504 2141 656 2176 verbum
677 2141 852 2183 amicalo,
880 2139 981 2186 quod
1000 2139 1129 2186 legunt
1149 2147 1287 2186 septem
1308 2139 1416 2174 codd.
1438 2139 1645 2182 (Bodleian.
1666 2137 1803 2172 scilicet
1817 2164 1826 2179 ,

411 2201 641 2247 Cantabrig„
659 2199 876 2236 vindobon.
902 2199 954 2241 16,
975 2199 1177 2243 Bremens.,
1196 2200 1321 2234 Jacobi
1342 2199 1484 2235 Morell.
1503 2207 1540 2234 et
1555 2198 1744 2243 Goldasti)
1759 2208 1827 2244 pro

412 2273 584 2307 germano
599 2260 791 2302 habeatur,
807 2271 931 2294 sensus
943 2258 1049 2305 longe
1062 2258 1225 2293 diversus
1235 2266 1386 2306 apparet
1396 2266 1432 2294 et
1447 2266 1534 2293 tunc
1552 2258 1672 2293 locum
1688 2257 1825 2291 sicres-

413 2320 620 2356 uiuendum
633 2331 708 2354 esse
721 2325 880 2353 constat:
961 2344 968 2352 .
980 2319 1158 2365 Utfibala
1171 2321 1256 2366 sagi
1265 2325 1375 2365 rupta
1388 2320 1578 2366 balteoque
1593 2317 1711 2364 gladii
1720 2317 1827 2351 dissi—

410 2386 506 2425 pato,
519 2377 819 2426 afestinanlibus
829 2378 894 2423 qui
908 2376 1066 2411 aderant
1080 2379 1258 2412 ministris
1270 2384 1485 2412 exarmatus
1497 2377 1534 2421 (i.
1553 2389 1583 2409 e.
1600 2376 1676 2409 sine
1687 2375 1823 2420 arinis),

411 2445 444 2472 et
462 2440 540 2472 sine
560 2437 716 2471 anticulo
736 2436 773 2481 (i.
792 2448 824 2470 e.
840 2435 916 2470 sine
928 2436 1096 2481 amictu),
1119 2437 1313 2471 levaretur.
1330 2458 1369 2462 -—
1386 2436 1527 2471 Gallie&
1545 2451 1551 2469 :
1577 2447 1727 2469 ...AWCC
1747 2440 1826 2468 tant

412 2499 455 2531 de
466 2498 630 2532 violence
646 2509 715 2543 que
728 2495 887 2542 l'agrafe
899 2495 944 2529 (le
956 2509 999 2530 sa
1009 2508 1101 2543 saye
1116 2496 1237 2542 ensal
1248 2496 1432 2538 art-ache'e,
1450 2508 1515 2530 son
1532 2494 1706 2528 bauslriet·
1717 2494 1821 2532 ln‘ise',

412 2564 447 2591 vt
467 2556 553 2602 qu'il
574 2568 609 2589 sc
628 2562 755 2589 trouva
775 2566 855 2588 sans
875 2567 991 2589 armes
1011 2562 1046 2589 ct
1065 2568 1145 2589 sans
1164 2563 1333 2590 manteau
1352 2555 1498 2601 lorsque
1518 2556 1570 2588 les
1593 2553 1746 2602 (fficiam
1764 2555 1828 2599 (sui

410 2617 662 2649 [ινιίωιιιτιίιτηί
683 2614 978 2660 .ς“ει]ι]ιι’(3.ς.ςὲι·(ἠΙ
993 2615 1083 2649 dele
1098 2616 1245 2650 relever.
1266 2614 1375 2659 Quod
1390 2614 1538 2661 quidem
1557 2613 1656 2647 haud
1676 2613 1823 2646 irratio--

411 2676 527 2708 nubile
547 2682 594 2708 cst
618 2681 647 2707 et
674 2673 753 2707 ideo
771 2687 841 2707 non
865 2686 1012 2719 prorsus
1033 2675 1149 2708 forsan
1172 2674 1424 2719 rejiciendum.
1449 2674 1608 2709 Videant
1630 2672 1779 2707 eruditi.
