1924 3183
423 146 492 180 128
991 130 1236 169 PIPPINUS.

418 241 550 273 more
572 224 866 269 Francorum
891 219 1093 265 elevatus
1120 217 1169 261 in
1194 214 1365 261 solium
1394 214 1525 277 regni
1554 214 1602 259 in
1636 214 1821 260 civitate

419 305 663 349 Suessona.
690 297 952 344 Hildericus
971 311 1102 351 vero,
1127 293 1209 358 qui
1233 291 1351 338 falso
1370 291 1490 356 regis
1508 291 1704 337 nomine
1719 291 1823 338 fun-

419 379 640 445 gebatur,
664 387 803 423 tonso
827 374 978 437 capite
996 407 1007 429 ,
1040 373 1090 418 in
1117 369 1457 417 monasterium
1481 369 1647 415 missus
1671 380 1755 415 cst.

1011 510 1231 556 DCCLII.

997 638 1236 684 DCCLIII.

486 755 586 799 Hoc
621 766 747 796 anno
770 748 994 811 Pippinus
1016 762 1097 791 rex
1130 761 1237 788 cum
1261 742 1469 788 exercitu
1488 758 1659 805 magno
1679 742 1826 788 Saxo-

422 834 549 880 niam
574 831 804 892 ingressus
829 836 924 880 est,
946 834 992 869 et
1014 822 1228 886 quamvis
1254 821 1459 867 Saxones
1488 820 1527 866 ei
1551 818 1827 866 obstinatis-

405 911 534 955 'sime
554 906 851 957 resisterent,
871 899 993 964 pulsi
1014 909 1171 945 tamen
1198 908 1435 944 cesserunt
1449 933 1461 953 ,
1488 907 1533 944 et
1558 898 1653 961 ipse
1683 915 1826 961 usque

421 987 476 1032 ad
496 986 654 1032 locum
681 982 763 1045 qui
788 979 962 1025 dicitur
984 977 1109 1023 Rimi
1124 1011 1136 1032 ‚
1159 975 1238 1039 qui
1261 985 1329 1021 est
1353 992 1493 1038 super
1510 975 1708 1020 fluvium
1728 975 1828 1021 Wi-

422 1078 571 1109 saram
608 1059 677 1121 (1)
697 1093 708 1113 ,
747 1055 953 1101 accessit.
994 1055 1046 1099 In
1082 1070 1173 1117 qua
1213 1050 1511 1115 expeditione
1544 1050 1827 1115 Hildigarius

421 1136 797 1200 archiepiscopus
822 1131 1098 1178 interfectus
1134 1140 1227 1185 est,
1267 1130 1315 1175 in
1347 1139 1511 1175 monte
1546 1129 1627 1192 qui
1654 1129 1827 1175 dicitur

422 1214 606 1276 Juburg
631 1211 721 1275 (2).
749 1207 1023 1255 Revertenti
1054 1223 1169 1252 vero
1194 1206 1293 1269 regi
1317 1204 1373 1250 de
1404 1204 1603 1251 Saxonia
1625 1205 1827 1251 nuncius

423 1291 555 1337 venit
579 1290 648 1351 (ὅ)
674 1287 730 1333 de
754 1295 909 1331 morte
939 1283 1098 1329 fratris
1131 1283 1199 1328 sui
1231 1281 1444 1327 Grifonis
1461 1317 1476 1340 ,
1509 1291 1556 1328 et
1579 1300 1602 1326 a
1633 1299 1729 1345 quo
1753 1282 1828 1327 vel

423 1367 627 1433 qualiter
664 1363 828 1410 fuisset
861 1360 1155 1407 interfectus.
1195 1358 1376 1405 Eodem
1407 1376 1532 1406 anno
1566 1358 1829 1422 Stephanus

424 1462 542 1508 papa
568 1443 699 1489 venit
735 1440 791 1486 ad
826 1438 1081 1502 Pippinum
1122 1453 1275 1500 regem
1301 1436 1349 1481 111
1374 1435 1483 1481 villa
1507 1453 1613 1499 quae
1636 1446 1831 1482 vocatur

425 1521 681 1567 Curisiacus
701 1553 712 1573 ,
737 1532 987 1580 suggerens
1012 1515 1077 1569 ei,
1106 1523 1159 1558 ut
1178 1531 1224 1559 se
1243 1523 1289 1559 et
1313 1530 1560 1559 romanam
1580 1512 1831 1559 Ecclesiam

425 1598 484 1644 ab
515 1595 815 1642 infestatione
834 1593 900 1655 (4)
928 1589 1350 1655 Langobardorum
1372 1589 1661 1636 defenderet.
1687 1590 1831 1636 Venit

426 1687 473 1722 et
495 1674 844 1720 Karlomannus
874 1669 1021 1715 frater
1050 1668 1196 1731 regis,
1230 1669 1326 1731 jam
1354 1666 1611 1713 monachus
1646 1666 1794 1712 factus
1813 1702 1825 1722 ‚

422 1756 552 1816 jussu
583 1748 763 1795 abbatis
784 1748 883 1803 sui,
907 1757 961 1792 ut
985 1745 1107 1809 apud
1130 1745 1325 1791 fratrem
1351 1762 1487 1790 suum
1522 1745 1588 1807 (5)
1611 1743 1828 1808 precibus

426 1827 610 1875 romani
640 1823 878 1889 pontificis
897 1822 1170 1877 obsisteret3
1193 1823 1367 1867 invitus
1386 1831 1541 1868 tamen
1562 1820 1651 1867 hoc
1670 1820 1830 1867 fecisse

426 1915 646 1970 putatur,
670 1902 778 1966 quia
805 1917 891 1947 nec
925 1900 1001 1946 ille
1025 1899 1204 1945 abbatis
1229 1900 1298 1944 sui
1321 1901 1444 1962 jussa
1467 1908 1829 1961 contempnere,

424 1999 511 2028 1160
528 1980 669 2026 abbas
695 1978 771 2024 1116
791 1978 858 2040 (6)
876 1977 1120 2040 praeceptis
1144 1977 1264 2039 regis
1288 1973 1728 2039 Langobardorum,
1749 1976 1831 2039 qui

428 2061 468 2106 ei
494 2061 583 2105 1100
608 2054 856 2119 imperavit
881 2053 971 2116 (7),
998 2052 1197 2099 audebat
1222 2053 1454 2098 resistere.

469 2220 517 2263 (ι)
544 2216 614 2251 All.
638 2215 843 2252 lffikuranm
864 2213 905 2245 D.
924 2213 1038 2258 Bouq.
1064 2211 1254 2245 [Viseram.

469 2278 518 2321 (2)
544 2277 588 2309 D.
609 2275 722 2320 Bouq.
749 2284 830 2306 cum
852 2270 957 2305 codd.
980 2270 1191 2306 Vindobon.
1225 2283 1285 2304 110
1308 2276 1343 2305 et
1364 2281 1432 2316 990
1459 2285 1464 2301 τ
1492 2269 1645 2314 Vibnrg.
1672 2267 1823 2302 Freher„

428 2337 592 2382 Duburg.

471 2393 519 2438 (5)
544 2394 588 2427 D.
611 2392 723 2437 Bouq.
745 2391 912 2423 mallium
929 2390 1080 2433 accepit.

471 2453 520 2497 (4)
545 2452 588 2484 D.
608 2450 721 2495 Bouq.
741 2446 1051 2494 itgfeslationibus.

472 2509 521 2553 (5)
550 2511 662 2543 Suum
677 2507 776 2541 deest
794 2519 849 2551 ap.
868 2506 911 2539 D.
931 2506 1042 2551 Bonq.

471 2569 518 2613 <6)
538 2570 580 2602 D.
603 2569 713 2613 Bouq.
729 2566 845 2599 abbas
863 2566 972 2598 illius.

470 2626 518 2671 (7)
546 2626 586 2658 1).
611 2625 720 2669 Bouq.
745 2626 999 2668 imperaverat.
