1924 3183
322 166 401 204 334
850 164 959 203 HLU
968 163 1230 204 DOWICUS.

323 251 509 300 comitis
546 249 718 307 filiam,
756 251 952 298 nomine
986 250 1177 306 Judith‚
1217 251 1353 298 duxit
1387 269 1603 300 uxorem.
1644 256 1740 302 Ite-

326 345 529 393 rumque
560 337 824 373 conventus
863 344 1026 374 mense
1061 327 1187 390 julio
1218 328 1341 392 apud
1378 329 1637 393 Ingelheim
1661 349 1750 395 pa-

324 407 493 452 latium
523 403 735 461 habitus,
768 415 816 452 et
845 405 1079 452 exercitus
1111 404 1169 452 de
1205 405 1335 452 Italia
1372 406 1421 452 in
1452 407 1749 455 Pannoniam

322 493 522 549 propter
545 482 798 531 Liudewiti
822 481 1136 530 rebellionem
1168 483 1334 529 missus
1350 520 1363 541 ,
1402 486 1483 549 qui
1509 485 1651 532 rebus
1674 505 1752 551 pa—

323 579 432 608 rum
456 578 682 626 prospere
717 561 882 626 gestiS‚
915 560 1095 608 infecto
1123 578 1245 625 pene
1281 562 1476 627 negotio
1511 581 1749 628 regressus

325 651 411 687 est.
453 638 745 687 Liudewitus
782 656 897 686 vero
929 638 1149 703 superbia
1186 639 1364 696 elatus,
1404 641 1581 706 legatos
1616 644 1746 707 quasi

323 735 488 783 pacem
523 717 731 782 petendo
768 716 826 763 ad
869 718 1208 781 imperatorem
1244 718 1423 775 misit,·
1450 719 1750 767 conditiones

327 795 553 861 quasdam
598 811 876 858 proponens
894 830 909 853 ,
954 793 1010 840 ad
1058 811 1263 859 quarum
1306 796 1659 843 concessionem
1704 815 1755 845 ea

328 892 437 939 quae
462 873 752 938 juberentur
777 889 824 919 se
851 871 1093 918 facturum
1118 871 1452 937 pollicebatur.
1489 873 1613 934 Quas
1646 893 1755 921 cum

332 953 591 1014 imperator
613 966 714 996 non
737 949 995 1012 reciperet,
1023 948 1229 1013 aliasque
1258 950 1296 996 ei
1326 968 1411 1013 per
1440 968 1547 998 suos
1579 951 1755 1016 legatos

328 1037 647 1092 proponeret,
680 1025 1061 1090 permanendum
1087 1025 1176 1072 sibi
1213 1027 1262 1071 in
1304 1027 1521 1073 inchoata
1557 1028 1752 1092 perfidia

330 1106 458 1152 velut
478 1105 717 1168 optimum
733 1103 976 1167 judicans,
997 1104 1148 1149 missis
1172 1104 1543 1169 circumquaque
1563 1105 1749 1170 legatis,

329 1184 506 1229 vicinas
525 1185 660 1246 juxta
687 1199 735 1228 se
755 1182 830 1244 (Ι)
857 1191 1020 1245 gentes
1045 1180 1102 1227 ad
1129 1179 1311 1227 bellum
1338 1181 1594 1229 sollicitare
1623 1200 1756 1228 cura-

330 1262 416 1307 vit.
466 1260 854 1307 Timotianorum
900 1275 1092 1324 quoque
1133 1258 1397 1322 populum,
1438 1259 1521 1324 qui
1567 1259 1755 1306 dimissa

330 1338 647 1403 Bulgarorum
681 1337 905 1384 societate
939 1336 995 1383 ad
1032 1336 1371 1401 imperatorem
1405 1336 1567 1382 venire
1599 1354 1651 1383 ac
1684 1337 1757 1383 di-

331 1416 451 1463 tioni
476 1416 574 1478 ejus
593 1432 640 1461 se
663 1415 942 1478 permittere
962 1412 1218 1478 gestiebat,
1239 1430 1301 1459 ne
1321 1411 1412 1459 hoc
1437 1412 1671 1470 efficeret,
1693 1413 1756 1459 ita

331 1493 586 1558 intercepit
609 1510 662 1539 ac
688 1491 816 1538 falsis
840 1491 1226 1556 persuasionibus
1259 1491 1438 1547 illexit,
1468 1502 1547 1549 ut,
1581 1491 1756 1538 omisso

330 1570 459 1635 quod
486 1570 640 1618 facere
661 1569 924 1635 cogitabat,
943 1569 1156 1634 perfidiae
1175 1568 1302 1615 illius
1323 1569 1475 1617 socius
1496 1579 1544 1616 et
1566 1569 1755 1633 adjutor

332 1649 571 1695 existeret.
600 1649 830 1695 Exercitu
852 1665 966 1695 vero
995 1647 1052 1694 de
1082 1649 1327 1694 Pannonia
1356 1665 1572 1706 reverso,
1608 1648 1754 1694 Cado-

331 1725 432 1781 lah,
456 1725 553 1771 dux
575 1725 943 1789 Forojuliensis,
973 1723 1106 1771 febre
1131 1734 1404 1789 correptus,
1428 1724 1477 1770 in
1508 1726 1602 1788 ipsa
1629 1742 1752 1770 mar-

330 1804 433 1849 chia
457 1804 670 1850 decessit.
698 1804 785 1850 Cui
811 1821 919 1849 cum
950 1803 1194 1849 Baldricus
1224 1814 1342 1849 esset
1368 1801 1672 1867 subrogatus,
1707 1813 1753 1849 et

332 1882 382 1926 in
402 1881 782 1928 carantanorum
801 1881 1066 1945 regionem,
1084 1897 1192 1944 quae
1215 1878 1272 1924 ad
1297 1879 1441 1942 ipsius
1459 1896 1619 1925 curam
1640 1897 1753 1942 per-

331 1957 538 2014 tinebat,
570 1958 731 2004 fuisset
764 1959 1025 2022 ingressus,
1052 1956 1246 2003 obvium
1282 1954 1347 2001 ibi
1380 1955 1546 2002 habuit
1577 1956 1753 2003 Liude-

331 2036 431 2081 witi
449 2037 734 2093 exercitum,
751 2054 895 2101 quem
906 2038 1041 2099 juxta
1058 2037 1266 2081 Dravum
1286 2034 1487 2080 fluvium
1509 2034 1598 2081 iter
1617 2052 1752 2098 agen-

332 2124 428 2160 tem
463 2131 603 2176 parva
639 2131 785 2159 manu
820 2131 1084 2178 aggressus,
1122 2111 1340 2176 pluribus
1374 2110 1666 2169 interfectis,
1705 2123 1751 2158 et

330 2191 526 2246 avertit,
553 2199 601 2236 et
622 2190 678 2237 de
704 2190 783 2235 illa
807 2190 1053 2253 provincia
1083 2188 1278 2253 fugavit.
1305 2188 1462 2235 Borna
1488 2205 1628 2244 vero,
1655 2188 1750 2234 dux

330 2267 601 2324 Dalmatiae,
639 2284 747 2313 cum
781 2268 965 2332 magnis
1001 2267 1147 2331 copiis
1179 2266 1236 2313 ad
1271 2265 1518 2330 Colapium
1551 2267 1622 2329 (2)
1654 2264 1750 2311 flu-

331 2346 463 2391 vium
490 2345 757 2392 Liudewito
789 2344 846 2391 ad
877 2361 923 2392 se
960 2345 1170 2391 venienti
1203 2361 1483 2398 occurrens,
1515 2343 1562 2388 in
1596 2343 1748 2406 prima

332 2423 663 2487 congressione
696 2442 721 2468 a
754 2422 1049 2469 Guduseanis
1083 2423 1342 2478 deseritur3
1381 2421 1558 2468 auxilio
1592 2431 1747 2466 tamen

376 2612 426 2656 (ι)
452 2612 568 2645 Iun-ta
583 2624 620 2643 sc
638 2611 738 2646 deest
757 2625 812 2659 ap.
833 2613 950 2646 Nuen.
975 2614 1098 2646 comit.
1119 2620 1154 2647 et
1175 2613 1217 2645 l).
1238 2613 1351 2658 Bouq.

378 2679 426 2720 (Ἰ)
456 2678 510 2711 ΑΙ.
538 2678 776 2723 Colampium,
