1924 3183
433 152 505 188 114
764 151 882 188 VITA
913 151 1102 188 KAROLI
1135 150 1490 189 IMPERATORIS.

422 237 630 300 jussione
663 238 907 294 successit,
947 238 1158 301 inspecto
1187 237 1351 284 eodem
1381 237 1616 284 breviario
1636 273 1648 295 ,
1686 256 1824 303 quam

428 313 671 360 celerrime
689 324 874 378 poterat
888 349 902 371 ‚
929 325 1035 378 post
1052 313 1238 360 obitum
1257 315 1352 377 ejus
1371 331 1551 360 summa
1571 331 1679 360 cum
1692 315 1828 362 devo-

429 391 559 438 tione
584 390 838 454 adimplere
858 392 1037 437 curavit
1062 391 1082 454 (
1093 391 1151 453 ι).

476 603 526 647 (1)
544 601 635 637 Cod.
652 602 831 636 Christin.
848 602 979 648 Regin.
991 601 1058 648 692
1071 601 1132 635 hic
1144 601 1253 635 habet
1269 601 1612 635 :Precellentissimi
1621 607 1656 635 et
1663 607 1833 647 prestan-

432 662 563 694 tissimi
574 662 632 706 pie
653 660 914 695 recordationis
932 661 969 694 K
971 661 1065 694 aroli
1080 662 1204 694 invicti
1216 660 1381 705 Augusti
1399 662 1474 694 vita
1477 661 1594 706 finita
1613 660 1774 705 explicit.
1789 680 1834 685 —

432 717 523 754 Cod.
540 718 631 764 Reg.
648 718 762 752 Paris.
777 717 865 765 4955
883 734 888 752 ;
905 719 1073 764 Explicit
1085 721 1165 753 vita
1181 718 1304 753 Caroli
1313 720 1409 764 regis
1426 724 1534 764 ‚atque
1545 719 1837 764 imperatoris.—

430 776 548 813 Codd.
565 777 776 814 Vindobon.
799 777 841 812 16
853 784 889 812 et
901 777 993 823 Reg.
1012 777 1123 811 Paris.
1146 777 1235 825 [4877
1258 792 1264 810 ε
1288 777 1458 823 Explicit
1473 779 1551 811 vita
1566 776 1700 811 Karoli
1713 779 1839 823 magni

430 840 670 883 imperatoris.
692 857 737 863 —-
753 837 872 872 Codd.
893 837 984 883 Reg.
1006 837 1118 871 Paris.
1136 836 1227 885 5997
1243 844 1280 871 et
1292 836 1384 884 5999
1402 852 1408 871 :
1432 838 1600 885 Explicit
1616 839 1695 871 vita
1716 837 1840 871 Caroli

432 899 560 943 magni
568 925 576 940 ,
599 899 828 943 imperatoris
848 897 1095 931 Romanorum
1114 903 1149 931 et
1167 899 1264 943 regis
1284 896 1524 931 Francorum.
1544 917 1587 920 —
1606 895 1725 931 Codd.
1747 894 1839 938 5354

431 961 468 989 et
487 953 588 998 4651,
605 954 767 1000 ejusdem
781 954 1021 997 bibliothecae,
1040 953 1182 988 addunt
1197 969 1203 987 1
1222 954 1378 1000 Reliqua
1390 960 1536 988 actuum
1551 955 1630 1001 ejus
1645 960 1760 1001 gesta,
1776 967 1839 988 seu

433 1025 475 1047 ea
500 1025 583 1059 quoe
608 1015 646 1047 in
672 1013 895 1047 carminibus
918 1014 1032 1058 vulgo
1052 1018 1245 1056 canuntur,
1275 1012 1320 1046 de
1348 1025 1388 1047 eo
1414 1026 1487 1047 non
1516 1013 1572 1046 hic
1595 1014 1754 1058 pleniter
1775 1013 1840 1047 de-

432 1072 590 1116 scripta,
614 1071 683 1105 sed
701 1073 841 1118 require
863 1073 900 1105 in
917 1073 996 1106 vita
1013 1084 1124 1117 quam
1145 1071 1354 1105 Alchuinus
1374 1070 1420 1105 de
1444 1084 1484 1106 eo
1500 1071 1638 1105 scribit.
1659 1072 1838 1116 Explicit.

436 1144 451 1161 «
472 1130 560 1167 Vita
587 1129 647 1163 illa
673 1142 783 1177 quam
801 1129 978 1164 Alcuinus
1004 1129 1187 1176 scripsisse
1213 1129 1362 1173 dicitur,
1391 1129 1442 1164 ait
1467 1129 1649 1173 pertzius,
1670 1136 1759 1164 tom.
1782 1130 1838 1171 II,

433 1202 471 1235 p.
498 1188 582 1233 463,
609 1196 687 1223 not.
716 1202 763 1231 1{.,
784 1201 857 1223 non
881 1189 948 1223 alia
975 1195 1028 1223 est
1052 1201 1071 1222 a
1098 1195 1241 1232 nostra,
1270 1189 1308 1223 in
1338 1189 1462 1223 codice
1487 1189 1586 1223 enim
1615 1188 1842 1223 bibliothecae

435 1247 599 1282 Caesareae
614 1247 912 1284 vindobonensis
933 1248 972 1282 in
990 1246 1155 1294 catologo
1173 1248 1272 1282 Juris
1290 1248 1464 1284 Canonici
1482 1254 1521 1281 n0
1539 1260 1579 1294 91
1602 1248 1756 1295 signato,
1779 1249 1842 1295 qui

434 1304 685 1339 collectionem
714 1317 894 1340 canonum
926 1305 1052 1339 saeculo
1079 1317 1125 1339 xu
1153 1313 1335 1340 exaratam
1359 1306 1522 1340 continet
1553 1306 1650 1340 inter
1677 1306 1745 1340 alia
1769 1307 1843 1340 haec

434 1361 506 1408 legi
527 1377 533 1395 :
557 1363 623 1397 Ex
640 1364 752 1409 gestis
766 1363 901 1397 Karoli
911 1363 1167 1409 Magnijuxta
1184 1364 1397 1398 Alc-uinum.
1410 1363 1615 1409 —Rogatu
1631 1370 1665 1398 et
1675 1364 1844 1411 precihus

436 1420 602 1455 Adriani
614 1422 792 1457 Romanae
809 1422 909 1456 urbis
927 1424 1087 1468 episcopi
1103 1429 1288 1467 exoratus,
1309 1423 1346 1457 K
1348 1423 1472 1458 arolus
1493 1436 1559 1457 rex
1573 1423 1707 1457 bellum
1719 1430 1845 1457 contra

436 1480 706 1526 Longobardos
724 1483 883 1526 suscepit
899 1480 1000 1527 quod
1011 1483 1117 1526 prius
1134 1481 1280 1527 quidem
1303 1495 1327 1516 a
1342 1488 1447 1527 patre
1470 1482 1559 1528 ejus,
1582 1495 1681 1529 papa
1705 1483 1846 1529 suppli-

440 1547 560 1583 cante,
593 1554 674 1575 cum
698 1554 835 1587 magna
859 1540 1074 1589 difficultate
1100 1548 1305 1587 susceptum
1324 1548 1378 1576 est
1400 1549 1437 1576 et
1461 1541 1528 1576 alia
1549 1553 1620 1576 non
1648 1541 1744 1576 nulla
1769 1553 1846 1587 quae

442 1610 549 1645 supra
568 1601 674 1646 capit.
698 1612 731 1633 Vl
751 1607 787 1634 et
806 1612 910 1633 xxvm
931 1599 1125 1634 habentur.
1151 1616 1165 1630 »

1034 1967 1268 1997 EXPLICIT.
