1924 3183
451 204 528 243 ‘208
1035 198 1281 237 KAROLUS.

453 299 588 345 sunt,
617 287 694 334 sed
718 286 909 332 frustra.
933 284 1052 331 Nam
1065 285 1114 330 in
1131 295 1337 348 utroque
1361 283 1467 329 loco
1484 283 1595 329 victi
1618 282 1858 348 fugatique

451 376 563 412 sunt
575 401 588 423 ,
614 374 661 411 et
679 363 840 410 multis
857 380 1051 409 suorum
1073 361 1250 408 amissis
1262 397 1276 418 ,
1305 378 1413 406 cum
1429 377 1600 424 magno
1618 360 1791 407 damno
1804 361 1861 407 ad

452 447 553 492 loca
575 461 653 489 sua
677 459 724 489 se
749 451 1047 505 receperunt.
1077 440 1231 500 Quam
1261 440 1483 503 injuriam
1506 439 1636 486 velut
1658 439 1861 486 vindica-

452 523 572 579 turi,
610 522 784 568 iterum
824 519 1084 583 Bajoariam
1118 516 1377 581 majoribus
1416 518 1564 582 copiis
1595 518 1859 581 petierunt,

454 602 533 648 sed
559 602 607 646 in
638 600 791 664 prima
816 598 1148 663 congressione
1188 597 1261 660 (1)
1303 595 1425 660 pulsi
1465 615 1490 642 a
1531 596 1752 659 Bajoariis
1766 631 1779 653 ,
1819 605 1865 642 et

453 680 703 725 innumera
718 674 977 722 multitudo
1002 691 1169 721 eorum
1191 691 1305 720 caesa
1322 711 1333 733 ,
1367 673 1506 719 multi
1529 673 1670 719 etiam
1695 690 1751 719 ex
1773 672 1836 719 eis
1849 707 1863 729 ,

452 758 532 822 qui
551 774 634 820 per
657 755 816 819 fugam
840 752 1032 799 evadere
1058 751 1212 798 conati
1226 787 1239 808 ,
1270 750 1545 797 Danubium
1570 760 1757 796 tranare
1778 765 1868 796 vo-

455 835 648 881 lucrunt
671 833 741 896 (2)
754 868 767 890 ,
795 828 1063 896 gurgitibus
1081 828 1294 875 fluminis
1317 828 1530 893 absorpti
1558 838 1687 875 sunt.

520 913 702 958 Interea
718 908 1058 956 Constantinus
1071 909 1329 971 imperator
1340 919 1538 971 propter
1549 917 1765 971 negatam
1780 907 1868 954 sibi

456 991 576 1055 regis
596 989 742 1036 filiam
761 989 923 1044 iratus,
946 985 1255 1033 Theodorum
1271 986 1544 1049 patricium,
1565 986 1736 1032 Siciliae
1749 1003 1872 1049 prae-

455 1068 662 1125 fectum,
688 1083 796 1112 cum
819 1065 920 1110 aliis
941 1062 1143 1110 ducibus
1170 1064 1262 1109 suis
1286 1063 1402 1110 fines
1427 1064 1872 1110 Beneventanorum

457 1153 636 1190 vastare
653 1143 808 1206 jussit.
841 1141 933 1201 Qui
955 1158 1066 1186 cum
1089 1141 1315 1204 imperata
1339 1150 1733 1204 exsequerentur,
1754 1139 1872 1185 Gri-

457 1219 669 1267 moaldus
680 1219 753 1281 (3)
767 1218 849 1281 qui
863 1217 1027 1264 eodem
1038 1234 1166 1263 anno
1180 1226 1287 1278 post
1303 1226 1508 1259 mortem
1524 1218 1671 1278 patris
1687 1216 1782 1261 dux
1796 1216 1874 1263 Be-

458 1295 734 1344 neventanis
758 1312 781 1339 a
810 1311 919 1357 rege
942 1294 1076 1337 datus
1101 1302 1193 1347 est,
1226 1301 1273 1337 et
1297 1290 1635 1339 Hildibrandus
1650 1294 1723 1357 (4)
1738 1330 1752 1350 ,
1779 1294 1873 1340 dux

457 1373 807 1437 Spolitinorum
821 1405 834 1426 ,
852 1386 960 1414 cum
981 1367 1128 1431 copiis
1149 1385 1263 1431 quas
1279 1384 1565 1433 congregare
1584 1380 1871 1434 potuerunt,

459 1454 507 1498 in
535 1448 748 1496 Calabria
772 1447 836 1494 eis
855 1454 1195 1501 occurrerunt,
1229 1443 1453 1492 habentes
1481 1464 1637 1493 secum
1672 1447 1875 1512 legatum

459 1530 579 1595 regis
603 1527 924 1590 Winigisum,
958 1525 1040 1590 qui
1066 1533 1225 1588 postea
1251 1524 1300 1569 in
1325 1523 1498 1570 ducatu
1521 1526 1760 1589 Spolitino
1780 1527 1876 1573 Hil-

459 1606 694 1654 dibrando
714 1603 947 1651 successit.
967 1602 1327 1666 Commissoque
1350 1602 1543 1666 praelio,
1576 1603 1876 1651 immodicam

460 1704 515 1734 ex
541 1686 604 1733 eis
632 1681 992 1729 multitudinem
1016 1679 1289 1727 ceciderunt
1299 1715 1312 1736 ,
1350 1698 1402 1726 ac
1426 1681 1527 1728 sine
1546 1698 1631 1728 suo
1660 1699 1876 1729 suorum-

457 1782 550 1829 que
584 1761 712 1827 gravi
737 1759 983 1824 dispendio
1026 1759 1229 1805 victores
1252 1757 1389 1815 facti,
1421 1776 1649 1823 magnum
1673 1761 1876 1824 captivo-

459 1857 569 1886 rum
591 1856 643 1884 ac
667 1837 931 1901 spoliorum
957 1852 1214 1882 numerum
1238 1835 1288 1880 in
1311 1852 1391 1880 sua
1419 1845 1565 1881 castra
1591 1836 1874 1884 retulerunt.

459 1921 560 1966 Rex
583 1928 742 1963 autem
778 1916 827 1961 in
862 1914 1123 1978 Bajoariam
1147 1913 1416 1977 profectus,
1455 1913 1651 1961 eandem
1676 1916 1877 1979 provin—

461 1998 580 2042 ciam
616 2013 724 2041 cum
764 1994 858 2039 suis
897 1993 1113 2039 terminis
1149 1992 1387 2038 ordinavit
1428 2003 1569 2057 atque
1613 1994 1843 2058 disposuit
1859 2030 1873 2053 ,

460 2085 600 2138 atque
628 2071 736 2119 inde
761 2087 1022 2135 regressus,
1051 2071 1101 2116 in
1138 2069 1421 2134 Aquisgrani
1447 2070 1623 2133 palatio
1647 2089 1760 2129 suo,
1794 2071 1874 2118 ubi

403 2176 406 2177 ν
461 2151 776 2205 hiemaverat,
814 2158 860 2194 ct
884 2147 1010 2194 diem
1035 2147 1230 2193 Domini
1263 2147 1531 2194 natalitium
1568 2160 1878 2214 sanctumque

461 2226 633 2275 Pascha
657 2243 790 2273 more
815 2225 1013 2272 solemni
1040 2224 1311 2273 celebravit.

588 2449 632 2482 D.
654 2448 770 2494 Bouq.
792 2459 875 2481 cum
896 2447 1057 2481 Nuenar.
1085 2448 1218 2482 comite
1240 2463 1245 2480 :
1268 2450 1303 2482 in
1320 2450 1437 2493 primo
1455 2460 1668 2494 congressu.

511 2509 559 2553 (μ)
586 2507 746 2542 lN'uenar.
768 2518 888 2541 comes
910 2523 914 2539 :
938 2508 1142 2541 noluerunt.
1168 2507 1278 2550 Quod
1299 2519 1405 2542 sensu
1427 2515 1534 2541 caret,

511 2567 521 2609 (
552 2567 562 2611 )
587 2565 643 2600 Al.
669 2564 892 2599 Grimaldus.

553 2628 560 2664 )

514 2628 546 2668 (4
588 2626 643 2660 Al.
668 2625 945 2659 IIila'ebmmlns
