1924 3183
415 186 490 223 152
740 185 974 224 KAROLUS
1003 184 1069 222 ET
1100 184 1499 224 KARLOMANNUS.

413 289 711 335 gressurum,
738 289 878 337 quam
914 273 1040 319 illius
1074 271 1411 319 inobedientiae
1443 273 1587 321 finem
1613 275 1831 339 impone-

415 360 506 396 ret.
529 351 689 413 Lupus
708 350 850 397 minis
878 351 999 414 regis
1014 350 1323 414 perterritus,
1343 350 1619 398 Hunoldum
1645 362 1691 398 et
1712 371 1830 400 uxo-

415 444 519 473 rem
543 428 638 490 ejus
662 427 762 474 sine
782 427 1087 474 cunctatione
1125 426 1329 473 reddidit.
1347 462 1359 483 ,
1387 445 1433 474 se
1469 445 1663 493 quoque
1699 447 1833 494 quae—

419 521 622 570 cumque
662 505 1012 568 imperarentur
1044 504 1282 550 facturum
1315 505 1591 569 spopondit.
1626 505 1688 551 At
1722 524 1830 565 rex,

417 582 569 630 donec
610 582 749 648 legati
786 600 906 649 quos
947 587 1139 630 miserat
1180 593 1563 641 reverterentur,
1593 584 1835 631 castellum

419 659 660 724 quoddam
672 661 807 724 juxta
824 659 1121 707 Dornoniam
1137 659 1208 723 (1)
1220 658 1420 705 fluvium
1439 659 1672 708 vocabulo
1688 661 1838 708 Fron-

422 737 603 784 ciacum
633 738 703 801 (2)
739 736 957 783 aedificat.
999 738 1213 784 Reversis
1239 738 1384 802 igitur
1423 737 1583 802 legatis
1601 774 1613 795 ,
1640 738 1840 787 reducto

421 815 617 880 perfuga
637 851 648 872 ‚
684 815 919 862 aedificato
954 815 1174 873 castello,
1208 815 1257 861 in
1293 833 1494 879 regnum
1517 833 1656 862 suum
1678 834 1841 881 regre-

422 892 552 940 ditur
576 894 672 958 (3);
702 893 1050 958 celebravitque
1076 893 1292 940 Natalem
1310 893 1505 940 Domini
1531 893 1581 940 in
1604 893 1713 941 villa
1735 895 1841 942 Du-

422 972 510 1028 ria,
534 982 580 1018 et
602 970 773 1018 Pascha
797 970 921 1036 apud
946 972 1174 1018 Sanctum
1192 970 1508 1019 Lantbertum
1534 972 1583 1018 in
1601 972 1706 1020 vico
1726 974 1846 1020 Leo-

426 1049 551 1096 dico.

994 1267 1279 1313 DCCLXX.

495 1376 710 1422 Domnus
725 1374 798 1438 (4)
827 1373 1031 1420 Karolus
1048 1390 1132 1420 rex
1156 1371 1325 1419 habuit
1348 1373 1513 1438 populi
1538 1374 1607 1420 sui
1636 1390 1847 1420 conven-

432 1465 534 1500 tum
552 1452 819 1518 generalem
841 1453 890 1499 in
909 1452 1190 1499 Wormacia
1207 1452 1412 1499 civitate.
1435 1451 1692 1499 Berthrada
1711 1468 1844 1508 vero,

431 1541 582 1578 mater
618 1548 808 1595 regum,
853 1547 962 1576 cum
998 1530 1325 1577 Karlomanno
1358 1530 1548 1577 minore
1588 1529 1687 1576 filio
1725 1527 1848 1592 apud

433 1607 660 1655 Salusiam
685 1607 843 1654 locuta
866 1607 991 1671 pacis
1022 1624 1154 1653 causa
1177 1607 1277 1670 (5),
1304 1607 1352 1653 in
1374 1607 1556 1653 Italiam
1582 1605 1850 1671 proficisci-

433 1696 537 1740 tur,
559 1694 847 1748 peractoque
865 1693 1064 1747 propter
1086 1683 1215 1748 quod
1240 1683 1323 1731 illo
1346 1683 1558 1747 profecta
1582 1693 1650 1730 est
1671 1683 1741 1746 (6)
1766 1699 1848 1729 ne-

431 1760 592 1825 gotio,
618 1760 822 1807 adoratis
846 1760 986 1807 etiam
1004 1760 1169 1807 Romae
1197 1760 1483 1806 Sanctorum
1509 1759 1851 1823 Apostolorum

482 1936 532 1981 (1)
557 1935 628 1971 All.
643 1935 893 1979 Domaniam,
919 1935 1147 1970 Dordoniszm
1160 1964 1167 1978 ,
1188 1935 1416 1970 Dordonam.

483 2004 533 2048 (2)
558 2002 630 2037 All.
647 2002 682 2036 F
682 2004 893 2037 ranciacmn
903 2031 911 2046 ,
930 2002 1200 2037 Fronctiacum.

487 2068 538 2114 (Β)
552 2068 670 2104 Codd.
687 2069 781 2115 Reg.
801 2070 883 2104 Par.
905 2069 1015 2117 5924,
1033 2076 1068 2104 et
1087 2069 1300 2107 vindobon.
1326 2083 1388 2104 110
1410 2086 1415 2103 :
1439 2072 1643 2105 revertitur.

486 2141 536 2185 (4)
562 2138 654 2175 Cod.
670 2140 809 2174 Trevir.
825 2146 861 2174 et
880 2139 924 2174 D.
948 2140 1063 2187 Bouq.
1084 2139 1253 2174 dominus
1271 2146 1308 2174 et
1322 2140 1372 2174 ita
1387 2139 1571 2186 deinceps.

488 2205 537 2252 (5)
563 2206 643 2241 Hoc
657 2218 798 2240 comma
813 2212 896 2253 post
913 2218 1036 2241 vocem
1061 2219 1173 2241 causa
1190 2206 1295 2253 ponit
1314 2206 1478 2241 pertzius
1492 2206 1530 2240 in
1544 2207 1640 2241 notis
1654 2205 1827 2252 adjiciens
1844 2221 1849 2238 ς

445 2281 460 2296 α
474 2278 613 2300 comma
626 2266 663 2299 in
676 2264 833 2299 editione
847 2279 920 2300 non
935 2265 1001 2300 hoc
1016 2266 1092 2300 loco
1105 2265 1173 2300 sed
1184 2279 1378 2313 perperam
1387 2272 1471 2312 post
1485 2277 1588 2301 causa
1602 2265 1746 2300 demum
1758 2267 1853 2313 posi-

444 2331 536 2369 tum,
553 2337 701 2359 sensum
717 2324 830 2358 valde
844 2324 1028 2359 diversum
1048 2325 1169 2359 reddit
1178 2342 1186 2366 ;
1207 2326 1395 2360 lectionem
1409 2332 1572 2361 nostram
1585 2327 1744 2360 omnium
1764 2338 1855 2372 quos

444 2389 521 2431 ipse
548 2387 715 2432 inspexi,
738 2391 788 2427 et,
812 2390 850 2418 ut
870 2385 959 2419 milti
975 2398 1196 2431 persuasum
1215 2392 1289 2429 est,
1314 2386 1535 2432 reliquorum
1564 2387 1672 2419 etiam
1691 2383 1854 2419 codicum

446 2447 646 2480 auctoritas
671 2450 802 2478 luetur.
828 2460 842 2476 n
865 2466 904 2469 —
923 2445 1011 2489 Quae
1032 2452 1104 2479 tam
1130 2446 1216 2479 clari
1244 2445 1313 2479 viri
1340 2445 1536 2488 sententia,
1556 2444 1702 2479 maximi
1719 2443 1853 2478 scilicet

448 2505 631 2552 ponderis,
649 2504 753 2539 nobis
765 2512 887 2539 tamen
899 2512 1036 2540 attente
1051 2505 1372 2552 perpendentibus,
1388 2512 1424 2539 et
1435 2504 1651 2539 auctoritate
1664 2504 1708 2538 D.
1725 2504 1849 2550 Bouq„

449 2565 620 2600 Eckharti
648 2566 875 2613 aliorumque
898 2565 1126 2600 eruditorum
1149 2565 1247 2600 sultis
1276 2564 1502 2599 immutanda
1529 2565 1599 2599 visa
1618 2570 1681 2598 est.
1709 2563 1815 2598 Conf.
1834 2574 1854 2595 c

450 2632 574 2659 contra
593 2632 716 2659 notam
738 2625 821 2671 gall.

500 2689 546 2725 ((5)
575 2691 613 2723 D.
630 2692 740 2737 Bouq.
763 2691 927 2735 profecta
944 2698 1031 2725 erni.
