1924 3183
441 177 511 211 12²2
758 172 989 212 PIPPINUS
1019 173 1083 210 ET
1112 172 1425 210 KARLOMANN
1434 174 1507 211 US.

988 300 1276 347 DCCXLIV.

496 405 638 453 Iidem
679 405 871 462 fratres,
916 406 1263 452 Karlomannus
1296 415 1343 452 et
1384 406 1636 469 Pippinus‚
1670 409 1830 468 juncta

431 500 574 528 manu
602 483 854 531 Saxoniam
884 483 1076 547 ingressi
1103 492 1243 539 sunt,
1270 481 1646 546 praedictumque
1675 481 1833 529 Theo-

431 558 641 605 dericum
669 560 840 607 iterum
863 560 911 605 in
935 559 1223 606 deditionem
1252 568 1549 622 acceperunt.

998 705 1266 752 Dccxw.

941 834 1214 883 DCCXLVI
1235 836 1321 898 (ι).

497 943 597 988 Hoc
627 958 753 988 anno
783 941 1158 997 Karlomannus,
1194 940 1322 1006 quod
1344 939 1424 987 diu
1448 951 1556 988 ante
1586 940 1838 1004 praemedi-

434 1028 557 1064 tatus
578 1028 648 1066 est
671 1019 771 1081 (2),
798 1017 1019 1082 patefecit
1040 1017 1177 1064 fratri
1211 1035 1295 1065 suo
1326 1018 1557 1082 Pippino‚
1585 1018 1838 1065 secularem

435 1096 841 1142 conversationem
861 1113 906 1142 se
926 1095 1044 1142 velle
1060 1095 1300 1143 dimittere
1317 1106 1362 1142 et
1376 1094 1541 1141 habitu
1559 1094 1840 1142 monachico

433 1173 533 1219 Deo
552 1174 742 1219 servire.
770 1174 971 1236 Propter
996 1172 1086 1219 hoc
1109 1173 1294 1219 dimissa
1320 1172 1618 1236 expeditione
1641 1174 1709 1236 (ὅ)
1727 1173 1838 1219 anni

433 1251 704 1312 praesentis,
747 1249 802 1294 ad
843 1259 950 1296 vota
988 1250 1296 1296 Karlomanni
1343 1249 1625 1314 perficienda
1666 1260 1713 1297 et
1751 1250 1842 1296 iter

436 1326 558 1371 illius
595 1325 944 1390 disponendum
980 1329 1117 1390 (nam
1156 1328 1356 1374 Romam
1391 1327 1625 1391 proficisci
1667 1337 1841 1374 statue-

432 1406 530 1464 rat)
551 1413 597 1450 et
623 1403 851 1467 Pippinus
875 1402 1081 1462 vacabat,
1108 1403 1222 1450 dans
1242 1422 1461 1469 operam,
1489 1414 1543 1450 ut
1576 1403 1723 1451 frater
1747 1403 1839 1451 ho—

434 1479 629 1527 norifice
663 1498 714 1526 ac
751 1479 973 1528 decenter
1016 1481 1097 1529 illo
1122 1517 1134 1538 ,
1172 1499 1268 1546 quo
1305 1481 1626 1539 desiderabat,
1671 1499 1840 1545 perve-

433 1567 575 1604 niret.

978 1696 1291 1743 DCCXLVII.

500 1800 848 1846 Karlomannus
882 1803 1082 1848 Romam
1121 1801 1393 1866 profectus,
1428 1802 1613 1849 dimissa
1646 1802 1838 1849 seculari

434 1876 582 1939 gloria
603 1877 815 1923 habitum
836 1880 1035 1924 mutavit
1054 1915 1066 1935 ‚
1091 1891 1136 1926 et
1157 1880 1202 1925 iu
1229 1890 1392 1927 monte
1412 1880 1591 1926 Soracti
1611 1891 1841 1926 monaste-

436 1955 561 2000 rium
579 1955 875 2002 inhonorem
894 1958 1040 2002 sancti
1066 1956 1275 2003 Silvestri
1296 1956 1561 2012 aedificavit,
1585 1955 1665 2002 ubi
1683 1975 1840 2021 quon-

435 2032 541 2078 dam
580 2043 791 2097 tempore
829 2035 1196 2098 persecutionis,
1238 2053 1343 2099 quae
1390 2034 1476 2080 sub
1526 2034 1838 2081 Constantino

438 2110 723 2173 imperatore
758 2110 878 2157 facta
913 2122 1008 2168 est,
1050 2123 1234 2157 sanctus
1272 2112 1490 2158 Silvester
1525 2111 1710 2158 latuisse
1742 2111 1840 2157 fer—

437 2196 531 2231 tur.
576 2187 741 2252 Ibique
783 2189 1055 2253 aliquandiu
1097 2200 1449 2244 commoratus,
1494 2187 1677 2236 meliori
1721 2205 1839 2234 con—

481 2410 531 2454 (1)
545 2410 743 2447 DCCXLV
760 2411 894 2457 legitur
910 2400 1008 2459 apud
1022 2413 1127 2447 codd.
1145 2421 1181 2448 et
1194 2414 1280 2448 edit.
1300 2421 1336 2449 et
1355 2415 1405 2448 sic
1417 2426 1605 2460 perperam
1620 2414 1835 2450 DCCXLVI

437 2480 502 2513 pro
522 2468 783 2512 DCCXLVH3
803 2470 1041 2507 DCCXLVII
1062 2484 1128 2518 pro
1148 2473 1404 2508 DCCXLVIII
1418 2500 1427 2514 ‚
1452 2479 1535 2513 etc.⁷
1554 2484 1667 2519 usque
1685 2472 1729 2507 ad
1749 2486 1832 2507 ann.

441 2528 591 2562 UCCLI.
612 2529 720 2573 Quod
736 2531 1002 2565 restituendum
1022 2532 1125 2566 nobis
1142 2534 1259 2567 visum
1277 2540 1343 2567 est.

484 2597 531 2639 v⁸2)
555 2597 594 2629 Ῐ),
618 2597 729 2644 Bouq.
747 2598 786 2631 [ἰ]
802 2600 901 2644 (suad
917 2600 1055 2634 dudum
1076 2615 1196 2635 serum
1212 2601 1484 2647 praemcdc'latus
1510 2608 1572 2633 ΜΛ

487 2660 535 2701 3)
555 2664 594 2695 l).
617 2664 713 2709 Rouq
747 2666 882 2701 rlz'mixit
898 2668 1177 2711 invuywditinncm.
