1924 3183
326 170 404 207 :382
841 161 1216 200 HLUDOWICUS.

325 253 458 300 diens
471 268 570 299 non
585 259 720 296 esset.
734 248 953 308 Quorum
963 248 1155 312 utrique
1166 247 1505 294 denunciatum
1516 259 1601 305 est,
1613 250 1742 314 quod

325 331 362 376 si
381 327 537 376 medio
552 326 773 374 octobrio
788 325 845 372 ad
859 325 1158 389 imperatoris
1168 325 1434 389 generalem
1449 337 1741 372 conventum

324 408 489 455 venire
508 404 787 461 distulisset,
822 402 1078 468 condignas
1097 402 1309 466 perfidiae
1338 420 1433 448 suae
1459 420 1625 468 poenas
1649 421 1743 450 esse

325 481 831 532 daturum.Venerunt
853 491 901 527 et
925 498 981 527 ex
1006 480 1284 526 Brittonum
1308 479 1600 544 primoribus
1624 497 1744 545 quos

328 563 452 608 illius
466 560 632 607 limitis
647 557 862 605 custodes
881 557 1112 604 adducere
1129 556 1405 604 voluerunt.
1427 556 1608 604 Eodem
1629 567 1745 604 tem-

324 657 442 706 pore
471 638 721 685 Harioldus
753 654 862 683 cum
890 653 1038 683 uxore
1066 646 1113 682 et
1144 653 1311 700 magna
1334 635 1580 681 Danorum
1615 635 1745 680 mul-

328 718 533 764 titudine
551 716 769 770 veniens,
794 713 1090 778 Mogontiaci
1116 713 1239 777 apud
1258 713 1486 759 Sanctum
1504 712 1745 758 Albanum

327 814 437 843 curn
458 796 528 842 his
548 811 668 859 quos
687 809 846 839 secum
874 791 1068 838 adduxit
1095 791 1352 855 baptisatus
1376 802 1466 847 est,
1490 791 1745 857 multisque

327 872 608 921 muneribus
633 870 691 917 ab
717 872 1003 934 imperatore
1025 870 1229 916 donatus
1246 907 1257 927 ‚
1293 888 1377 935 per
1402 871 1596 917 Frisiam
1613 906 1626 926 ‚
1653 887 1744 934 qua

326 961 521 1000 venerat
538 950 630 1005 via,
650 966 862 995 reversus
880 959 966 995 est.
991 950 1043 994 In
1065 965 1156 1012 qua
1176 949 1421 1011 provincia
1444 966 1566 994 nnus
1591 947 1746 995 comi-

326 1043 472 1088 tatus,
505 1030 587 1094 qui
626 1028 834 1074 Hriustri
870 1037 1086 1083 vocatur,
1126 1026 1277 1073 eidem
1316 1026 1449 1072 clatus
1480 1036 1573 1082 est,
1612 1036 1665 1071 ut
1696 1026 1742 1070 in

323 1129 432 1158 eum
451 1126 498 1155 se
517 1126 626 1155 cum
646 1105 787 1153 rebus
807 1106 900 1151 suis
915 1141 927 1161 ,
952 1106 988 1150 si
1010 1105 1257 1151 necessitas
1278 1105 1485 1169 exigeret
1498 1140 1509 1161 ‚
1534 1104 1745 1168 recipere

323 1187 557 1252 potuisset
577 1185 670 1249 (1).
695 1182 937 1229 Baldricus
957 1199 1070 1229 vero
1089 1192 1136 1228 et
1159 1181 1449 1239 Gerholdus,
1474 1181 1670 1229 comites
1692 1199 1743 1226 ac

323 1264 587 1313 Pannonici
613 1262 779 1308 limitis
802 1260 1013 1325 praefecti
1033 1296 1045 1317 ,
1080 1261 1129 1306 in
1149 1259 1311 1308 eodem
1333 1269 1573 1306 conventu
1602 1259 1746 1305 affue-

324 1353 470 1399 runt,
511 1351 557 1388 et
592 1338 745 1386 adhuc
775 1338 831 1385 de
863 1348 1001 1385 motu
1034 1338 1349 1403 Bulgarorum
1377 1337 1622 1384 adversum
1657 1354 1746 1384 nos

323 1419 445 1466 nihil
466 1436 512 1465 se
536 1417 712 1464 sentire
730 1433 865 1480 posse
892 1415 1046 1462 testati
1073 1424 1201 1461 sunt.
1223 1413 1370 1461 Venit
1394 1431 1502 1460 cum
1527 1413 1745 1461 Baldrico

324 1495 577 1562 presbyter
607 1494 801 1560 quidam
825 1492 883 1540 de
899 1493 1122 1549 Venetia,
1153 1494 1352 1540 nomine
1379 1492 1640 1557 Georgius,
1661 1493 1744 1556 qui

325 1593 372 1623 se
387 1591 620 1640 organum
638 1573 792 1619 facere
809 1589 943 1636 posse
958 1570 1191 1617 asserebat
1209 1571 1280 1634 (2)
1291 1589 1304 1627 3
1325 1587 1467 1634 quem
1484 1571 1744 1633 imperator

323 1651 616 1719 Aquasgrani
633 1668 741 1697 cum
757 1648 1025 1696 Thancolfo
1040 1649 1112 1712 (5)
1130 1648 1369 1695 sacellario
1387 1647 1534 1703 misit,
1552 1658 1615 1708 et,
1631 1657 1684 1692 ut
1701 1647 1742 1693 ei

322 1732 484 1779 omnia
502 1729 558 1776 ad
577 1729 619 1776 id
643 1729 1021 1775 instrumentum
1038 1725 1333 1774 efficiendum
1350 1726 1604 1773 necessaria
1620 1743 1743 1790 prae-

322 1810 572 1863 berentur,
600 1806 866 1870 imperavit.
893 1804 1225 1869 Condictoque
1252 1822 1304 1851 ac
1329 1804 1649 1868 pronunciato
1685 1801 1741 1848 ad

323 1886 530 1934 medium
557 1883 833 1932 octobrium
855 1882 1060 1948 generali
1083 1891 1324 1929 conventu
1339 1917 1352 1939 ‚
1375 1880 1557 1927 caeteris
1581 1880 1743 1926 omni-

323 1964 410 2010 bus
433 1980 568 2009 more
587 1961 789 2009 solemni
810 1960 1055 2015 absolutis,
1079 1961 1175 2024 ipse
1195 1970 1325 2005 trans
1346 1959 1561 2004 Hrenum
1584 1957 1641 2003 ad
1661 1957 1744 2002 vil-

323 2041 438 2096 lam,
472 2057 579 2103 quae
613 2038 714 2084 Salz
745 2038 815 2100 (4)
845 2047 1062 2094 vocatur,
1101 2053 1210 2082 cum
1241 2052 1325 2081 suo
1359 2035 1588 2081 comitatu
1619 2052 1742 2098 pro-

320 2119 471 2167 fectus
487 2128 572 2164 est.
596 2115 667 2163 Ibi
686 2116 743 2162 ad
760 2133 869 2162 eum
884 2115 1022 2180 legati
1041 2114 1464 2178 Neapolitanorum
1480 2123 1738 2167 venerunt,

369 2331 420 2372 (ι)
445 2328 515 2362 Hic
535 2327 717 2361 Frehcrus
736 2326 847 2361 habet
865 2342 869 2359 r
894 2327 1043 2361 Veritus
1061 2332 1183 2360 atttem
1199 2327 1388 2371 piissimus
1407 2328 1614 2372 imperator,
1631 2338 1676 2359 ne
1694 2325 1738 2357 ola

322 2387 557 2433 lalefizclum
577 2392 776 2432 negaretur
801 2388 835 2420 ei
856 2385 1033 2420 habitatio
1053 2386 1256 2429 naturalis,
1278 2385 1379 2419 dedit
1399 2388 1434 2419 ei
1456 2385 1651 2431 quemdam
1679 2397 1737 2418 ‹1⁰-

321 2449 488 2481 mz'mlum
507 2447 542 2479 in
564 2445 600 2479 F
600 2448 702 2484 rz'sitz,
723 2445 829 2492 cujus
844 2446 1067 2479 vocabulum
1087 2451 1141 2479 est
1160 2445 1313 2479 Bm'stri.

367 2506 415 2549 (a)
441 2505 511 2538 Hie
528 2504 711 2538 Freherus
726 2503 888 2550 quaedam
900 2503 1099 2550 interpolat
1111 2516 1154 2538 ex
1167 2504 1237 2537 vita
1250 2503 1458 2538 Hludowici
1470 2503 1540 2549 pii,
1555 2503 1662 2548 capit.
1679 2505 1734 2543 40„

320 2563 524 2609 desumpta.

368 2621 416 2666 (ὅ)
444 2622 513 2657 ΛΠ.
541 2621 743 2668 Tancoffl),
771 2621 1008 2667 leamcoffn,
1038 2621 1233 2667 'Fauen-lsi).

367 2683 415 2725 (4)
443 2682 512 2716 All.
536 2682 634 2717 Salz.
660 2682 762 2715 Salz.
788 2682 878 2714 Salsa
