1924 3183
374 162 450 198 358
576 210 579 213 ,
892 159 1266 198 HLUDOWICUS.

372 246 677 309 praesentiam
714 245 1014 309 imperatoris
1050 257 1312 303 venerunt,
1351 263 1559 312 quorum
1599 251 1794 297 nomina

373 333 487 369 sunt
499 322 768 388 Meligastns
790 323 860 385 (1)
876 335 923 370 et
941 322 1248 389 Celeadragus
1263 325 1354 388 (2).
1374 325 1527 372 Erant
1547 326 1688 374 iidem
1708 328 1793 374 filii

370 401 511 448 Liubi
546 402 667 465 regis
691 401 985 448 Wiltzorum
1002 437 1015 457 ,
1041 402 1124 466 qui
1159 401 1410 455 licetcum
1441 402 1670 450 fratribus
1702 407 1794 452 suis

370 497 573 544 regnum
599 480 670 542 (3)
696 479 900 526 divisum
930 489 1138 536 teneret,
1174 490 1331 528 tamen
1349 520 1360 540 ,
1391 492 1642 546 propterea
1666 483 1796 547 quod

371 570 486 605 natu
516 560 668 622 major
692 568 821 614 erat,
856 558 913 604 ad
946 575 1056 605 eum
1086 559 1234 605 totius
1266 560 1399 623 regni
1433 578 1612 607 summa
1646 562 1797 625 perti-

371 637 534 684 nebat.
559 637 651 696 Qui
677 654 785 683 cum
803 672 815 693 ,
845 637 1098 683 commisso
1120 654 1232 682 cum
1253 637 1567 684 orientalibus
1591 637 1796 686 Abodri-

372 714 431 760 tis
448 713 633 777 praelio,
647 714 903 769 interisset,
922 713 1128 777 populus
1138 713 1438 760 Wiltzorum
1449 714 1519 777 (Δ.)
1533 713 1684 761 filium
1699 718 1796 780 ejus

370 791 691 856 Meligastum‚
714 791 824 856 quia
849 792 1002 853 maJ‘or
1024 802 1142 836 natu
1162 803 1287 848 erat,
1317 809 1476 857 regem
1496 791 1585 838 sibi
1613 794 1797 840 consti-

370 870 491 925 tuit;
524 868 603 915 sed
631 885 742 914 cum
774 869 811 913 is
842 866 1104 913 secundum
1128 868 1277 914 ritum
1304 871 1458 934 gentis
1490 871 1796 917 commissum

367 946 457 993 sibi
481 962 685 1010 regnum
708 961 877 1008 parum
901 943 1043 1008 digne
1066 943 1448 1003 administraret,
1477 946 1560 993 illo
1584 946 1791 1011 abjecto,

361 1024 545 1087 juniori
571 1023 708 1068 fratri
729 1022 914 1085 regium
938 1020 1175 1068 honorem
1193 1021 1418 1069 deferunt
1442 1025 1540 1087 (5);
1566 1042 1709 1089 quam
1731 1025 1795 1072 ob

371 1119 554 1147 causam
592 1099 734 1145 ambo
770 1099 826 1144 ad
862 1099 1165 1162 praesentiam
1203 1099 1502 1164 imperatoris
1538 1112 1791 1149 venerunt.

370 1178 500 1238 Quos
524 1195 633 1223 cum
663 1176 893 1231 audisset,
929 1186 976 1221 et
1008 1176 1164 1240 gentis
1193 1176 1491 1224 voluntatem
1516 1179 1796 1242 proniorem

371 1258 420 1302 in
444 1256 652 1319 junioris
683 1253 846 1300 fratris
878 1253 1112 1301 honorem
1138 1257 1432 1319 agnovisset,
1460 1258 1648 1314 statuit,
1675 1268 1729 1303 ut
1759 1259 1795 1304 is

369 1334 572 1381 delatam
597 1332 685 1379 sihi
710 1351 733 1378 a
759 1333 941 1396 populo
968 1349 1053 1379 suo
1076 1343 1360 1396 potestatem
1384 1333 1604 1391 haberet,
1632 1334 1795 1383 ambos

370 1425 528 1460 tamen
562 1410 845 1458 muneribus
875 1411 1077 1458 donatos
1108 1422 1155 1459 et
1182 1423 1477 1460 sacramento
1503 1413 1715 1460 firmatos
1746 1416 1793 1460 in

368 1492 574 1556 patriam
599 1490 799 1537 remisit.
827 1490 1084 1537 Accusatus
1109 1501 1178 1536 est
1207 1492 1256 1537 in
1280 1491 1446 1539 eodem
1471 1492 1648 1556 placito
1672 1494 1796 1557 apud

373 1570 710 1633 imperatorem
728 1567 989 1632 Ceadragus
1002 1604 1015 1624 ,
1037 1567 1388 1614 Abodritorum
1406 1569 1644 1633 princeps,
1665 1570 1794 1635 quod

369 1666 416 1694 se
441 1664 547 1711 erga
572 1656 757 1710 partem
784 1646 1081 1692 Francorum
1107 1664 1279 1709 parum
1305 1645 1509 1693 fideliter
1533 1657 1716 1711 ageret,
1748 1657 1795 1694 et

370 1724 428 1771 ad
453 1723 755 1787 imperatoris
779 1724 1083 1786 praesentiam
1104 1723 1289 1787 jamdiu
1313 1725 1476 1771 venire
1502 1723 1794 1771 dissimulas-

370 1814 469 1861 set,
508 1812 706 1866 propter
742 1802 873 1866 quod
906 1801 963 1848 ad
996 1820 1103 1849 eum
1136 1803 1274 1868 legati
1308 1803 1476 1850 directi
1512 1815 1651 1862 sunt,
1685 1821 1793 1849 cum

368 1878 542 1945 quibus
567 1878 646 1925 ille
670 1879 845 1925 iterum
867 1878 1099 1943 quosdam
1121 1897 1177 1926 ex
1200 1879 1493 1943 primoribus
1517 1881 1671 1944 gentis
1697 1897 1793 1926 suae

367 1957 426 2003 ad
456 1958 795 2020 imperatorem
826 1956 978 2012 misit,
1008 1974 1187 2021 perque
1222 1955 1416 2002 illorum
1439 1955 1579 2003 verba
1606 1957 1793 2020 promi-

368 2035 458 2090 sit,
486 2051 532 2080 se
555 2034 612 2079 ad
635 2033 912 2097 proximum
938 2032 1105 2080 hiemis
1138 2043 1324 2098 tempus
1347 2032 1404 2079 ad
1430 2033 1555 2080 illius
1580 2051 1793 2098 praesen-

369 2113 481 2158 tiam
506 2129 601 2158 esse
625 2121 903 2158 venturum.

431 2188 706 2236 Hlotharius
728 2204 842 2234 vero
866 2205 976 2233 cum
1000 2189 1264 2234 secundum
1289 2188 1435 2252 patris
1452 2188 1715 2251 jussionem
1740 2188 1789 2234 in

412 2381 462 2424 (ι)
489 2378 559 2415 All.
582 2377 837 2422 Blillegastus,
855 2376 1098 2423 BIilegastus,
1121 2377 1336 2422 Milegatus.

413 2440 464 2485 (2)
489 2437 558 2473 All.
585 2436 853 2482 Cealedragus,
878 2436 1147 2483 Cealagragus.

407 2495 461 2542 (5)
487 2496 532 2530 D.
553 2496 669 2541 Bouq.
687 2506 772 2528 cum
791 2494 913 2528 Nueu.
935 2505 1030 2528 com.
1051 2506 1208 2541 regnum
1221 2506 1328 2528 suum
1342 2493 1510 2528 divisum.

411 2559 461 2601 (4)
488 2555 604 2590 Iidem
624 2570 629 2588 t
654 2555 724 2601 Qui
743 2554 807 2588 ubi
824 2567 855 2588 c.
880 2567 962 2588 cum
980 2566 1012 2588 0.
1039 2554 1087 2588 A.
1111 2568 1146 2600 p.
1168 2553 1375 2595 cecidisset,
1409 2551 1557 2598 lVilsis.
1581 2564 1610 2585 c.
1637 2552 1705 2595 M,
1725 2566 1787 2597 (μα

366 2631 411 2650 m.
430 2630 473 2659 6.,
492 2630 520 2650 r.
544 2630 572 2650 s.
594 2616 833 2650 constituunt.

411 2674 460 2719 (5)
489 2675 603 2709 Iidem
626 2691 629 2707 :
655 2674 878 2708 detuleram.
