1924 3183
451 186 528 225 224
1026 182 1276 222 KAROLUS.

449 274 532 329 tis,
563 272 765 317 victores
785 269 842 316 ad
870 287 948 316 sua
976 270 1171 334 regressi
1199 280 1327 314 sunt.
1355 267 1536 328 Quibus
1559 268 1698 316 rebus
1734 288 1859 317 com-

447 361 606 397 motus
620 386 633 407 ‚
655 350 702 395 in
727 348 975 395 Franciam
994 365 1207 393 reversus
1230 357 1298 393 est
1312 383 1324 403 ,
1350 346 1699 412 celebravitque
1721 349 1860 395 Nata-

451 430 542 476 lem
567 427 761 475 Domini
795 427 918 491 apud
948 427 1174 472 Sanctum
1200 425 1443 471 Kilianum
1471 426 1540 489 (ι)
1568 428 1703 490 juxta
1736 428 1861 474 Moe-

450 524 568 552 num
592 505 817 561 ssuvium,
848 503 1017 550 Pascha
1045 521 1160 550 vero
1189 520 1329 567 super
1358 502 1561 549 eundem
1584 503 1784 550 fluvium
1812 505 1861 551 in

450 585 559 631 villa
579 582 950 631 Franconovurd
978 583 1077 646 (2),
1109 582 1158 627 in
1180 599 1271 645 qua
1302 590 1348 626 et
1367 580 1668 627 hiemaverat.

1015 721 1304 768 DCCXCIV.

515 835 617 879 Rex
650 840 848 895 propter
881 827 1287 875 condemnandam
1330 826 1546 875 haeresim
1586 828 1866 874 Felicianam

452 911 623 957 aestatis
648 908 811 962 initio,
839 907 1032 971 quando
1071 917 1117 952 et
1151 906 1416 970 generalem
1441 906 1603 970 populi
1640 907 1709 952 sui
1745 924 1866 953 con-

450 997 648 1034 ventum
673 983 865 1039 habuit,
909 982 1166 1029 concilium
1199 982 1530 1047 episcoporum
1563 1001 1617 1029 ex
1644 982 1867 1028 omnibus

451 1065 586 1130 regni
611 1063 681 1109 sui
713 1060 972 1125 provinciis
1007 1059 1055 1104 in
1087 1059 1247 1106 eadem
1271 1059 1381 1105 villa
1415 1060 1735 1124 congregavit.
1770 1059 1869 1105 Ad-

450 1143 650 1190 fuerunt
675 1141 818 1186 etiam
856 1139 904 1184 in
935 1137 1093 1185 eadem
1125 1137 1310 1202 synodo
1341 1148 1387 1184 et
1417 1138 1554 1202 legati
1584 1149 1758 1184 sanctae
1786 1154 1870 1184 ro·-

454 1239 605 1267 manae
635 1218 857 1265 Ecclesiae
882 1218 951 1280 (3)
970 1253 981 1273 ,
1003 1215 1390 1281 Theophylactus
1415 1234 1465 1262 ac
1490 1217 1753 1280 Stephanus
1776 1217 1871 1281 epi-

453 1299 610 1364 scopi,
642 1298 794 1343 vicem
826 1306 1041 1342 tenentes
1076 1297 1172 1357 ejus
1203 1313 1226 1340 a
1256 1312 1353 1359 quo
1385 1296 1510 1341 missi
1551 1295 1741 1342 fuerant
1770 1295 1866 1358 (4),

453 1375 647 1422 Adriani
686 1391 836 1437 papae.
872 1374 925 1417 lu
954 1389 1051 1436 quo
1083 1371 1287 1417 concilio
1317 1383 1363 1417 et
1396 1371 1583 1418 haeresis
1612 1381 1869 1418 memorata

455 1453 765 1500 condemnata
786 1460 853 1497 est
868 1485 880 1506 ,
908 1459 955 1495 et
977 1448 1099 1495 liber
1119 1461 1285 1495 contra
1310 1467 1410 1496 eam
1431 1450 1673 1495 communi
1696 1450 1871 1512 episco-

452 1548 627 1596 porum,
651 1528 931 1575 auctoritate
952 1527 1259 1590 compositus,
1290 1527 1336 1573 in
1361 1544 1458 1591 quo
1480 1545 1644 1573 omnes
1664 1527 1869 1591 propriis

451 1606 670 1654 manibus
711 1603 1108 1667 subscripserunt.
1153 1603 1372 1667 Synodus
1412 1604 1579 1659 etiarn,
1617 1621 1723 1668 quae
1761 1613 1869 1649 ante

451 1703 623 1751 paucos
660 1700 808 1729 annos
845 1683 890 1727 in
923 1681 1342 1744 Constantinopoli
1381 1680 1682 1728 subHerena
1716 1682 1785 1743 (5)
1824 1693 1869 1728 et

451 1761 769 1811 Constantino
809 1759 908 1805 filio
951 1761 1047 1822 ejus
1089 1769 1402 1823 congregata,
1446 1770 1492 1805 et
1532 1757 1589 1804 ab
1627 1759 1735 1822 ipsis
1768 1776 1866 1805 non

450 1841 605 1888 solum
629 1839 849 1902 septima,
870 1854 1037 1883 verum
1057 1837 1198 1882 etiam
1223 1835 1497 1881 universalis
1522 1847 1590 1881 est
1614 1836 1863 1899 appellata,

452 1930 504 1964 ut
528 1935 614 1964 nec
638 1917 834 1980 septima
860 1932 946 1961 nec
969 1913 1246 1960 universalis
1271 1912 1523 1959 haberetur
1543 1912 1863 1969 dicereturve,

451 1996 579 2060 quasi
607 2011 891 2058 supervacua
919 1993 965 2038 in
995 2002 1178 2048 totum,
1209 1991 1267 2037 ab
1292 1992 1515 2038 omnibus
1541 1991 1751 2037 abdicata
1778 2003 1861 2038 est.

451 2074 642 2119 Mortua
663 2082 732 2117 est
757 2071 820 2116 ibi
844 2081 891 2116 et
915 2069 1131 2114 Fastrada
1155 2070 1340 2133 regina,
1365 2080 1411 2115 et
1431 2070 1721 2133 Mogontiaci
1742 2070 1866 2133 apud

455 2153 684 2197 Sanctum
708 2147 948 2194 Albanum
978 2147 1177 2210 sepulta.
1207 2147 1391 2206 Quibus
1420 2148 1646 2210 peractis,
1678 2165 1763 2193 rex
1789 2147 1865 2192 bi-

497 2344 545 2388 (ι)
572 2342 643 2377 All.
671 2342 897 2379 chilianum,
918 2341 1149 2387 Kylz'cmum,¹
1170 2342 1213 2375 D.
1236 2341 1350 2388 Bouq.
1374 2354 1456 2375 cuni
1475 2342 1634 2375 Nnoenar.
1654 2342 1787 2376 comite
1803 2342 1862 2376 hic

449 2403 560 2437 habet
581 2419 586 2436 :
609 2401 712 2448 apud
733 2407 900 2435 sanctum
920 2401 1112 2434 Kiliammz
1132 2403 1167 2435 in
1198 2401 1443 2446 lVirtziburgo
1462 2401 1577 2446 just-la
1604 2401 1861 2445 Moenumstu-

450 2465 545 2496 vium
557 2480 564 2501 ;
584 2462 772 2508 paschalis
793 2460 984 2507 verofescz'
999 2461 1267 2494 solennitatem.

497 2523 545 2567 (2)
575 2521 642 2557 All.
666 2521 967 2557 Francormmtrt,
990 2520 1294 2561 Francmmuuro,
1317 2519 1605 2565 Franconqsurt.

496 2580 542 2626 5)
569 2581 687 2614 Nuen.
705 2592 824 2614 comes
843 2586 879 2613 et
895 2580 937 2613 D.
954 2580 1068 2626 bouq.
1091 2580 1206 2625 legali
1222 2580 1381 2612 Romam·
1394 2579 1590 2623 pontificic.

498 2643 547 2682 (4)
573 2640 677 2673 Pon-iz
698 2655 703 2672 t
726 2641 828 2672 missi
842 2645 938 2672 sunt.

493 2697 542 2740 (5)
571 2697 639 2731 ΑΗ.
660 2697 822 2730 Harena.
848 2696 997 2729 Helena.
1022 2697 1049 2729 l)
1083 2696 1195 2741 Bouq.
1219 2707 1298 2729 cuin
1320 2695 1435 2728 Num.
1460 2694 1582 2727 comit.
1599 2695 1717 2727 Imm.
