1924 3183
420 205 495 236 ’100
752 196 873 233 VITA
906 196 1095 233 lx'AIfflLI
1129 194 1489 233 IMPERATORIS.

416 284 580 331 creber
618 283 848 347 Aquensis
886 283 1041 347 palatii
1082 292 1285 336 tremor,
1325 292 1372 327 et
1409 281 1456 327 in
1492 281 1712 328 domibus
1748 282 1827 327 ubi

415 359 784 407 conversabatur
818 359 1026 404 assiduus
1063 357 1415 422 laqueariorum
1444 358 1675 421 crepitu53
1709 368 1830 403 tacta

415 439 557 484 etiam
587 437 644 483 de
667 436 819 492 coelo,
849 436 895 481 in
930 453 1021 500 qua
1052 446 1212 498 postea
1243 433 1451 497 sepultus
1487 444 1578 491 est,
1610 433 1830 491 basilica,

414 516 688 580 malumque
711 532 906 560 aureum
923 549 935 570 ,
965 530 1063 578 quo
1092 513 1201 559 tecti
1228 512 1417 558 culmen
1445 522 1545 558 erat
1576 524 1800 560 ornatum
1819 551 1830 572 ,

418 594 515 639 ictu
541 592 757 637 fulminis
781 590 1055 654 dissipatum
1091 599 1137 635 et
1171 606 1308 653 supra
1341 588 1539 635 domum
1563 588 1832 653 pontificis,

415 689 522 736 quae
558 668 763 715 basilicae
796 669 1016 733 contigua
1054 678 1177 724 erat,
1211 669 1480 731 projectum
1512 678 1597 714 est.
1635 669 1751 714 Erat
1785 667 1832 713 in

415 747 574 794 eadem
605 746 817 802 basilica,
857 747 905 791 in
929 746 1141 810 margine
1164 762 1356 792 coronae
1371 781 1383 802 ,
1411 759 1518 810 quae
1544 746 1669 792 inter
1693 763 1836 810 supe-

415 826 564 872 riores
590 834 636 871 et
662 824 910 870 inferiores
934 840 1067 869 arcus
1094 823 1370 870 intel-Iorem
1402 824 1472 886 (π)
1501 824 1614 869 aedis
1651 834 1835 888 partem

415 900 679 957 ambiebat,
713 901 997 965 epigramma
1032 898 1245 963 sinopide
1275 901 1348 963 (2)
1386 901 1642 964 scriptum,
1676 900 1837 947 conti-

418 996 535 1024 nens
553 978 657 1042 quis
675 988 842 1024 auctor
866 986 984 1023 esset
1006 976 1212 1040 ejusdem
1233 977 1426 1040 templi,
1453 980 1582 1040 cujus
1609 977 1658 1023 in
1680 987 1837 1023 extre-

418 1075 497 1104 mo
525 1073 662 1102 versu
687 1055 932 1119 legebatur
967 1075 975 1100 :
1014 1070 1223 1101 KARoLus
1249 1072 1485 1102 PRffiCEPs.
1521 1054 1750 1102 Notatum
1770 1065 1838 1101 est

420 1153 442 1180 a
474 1133 784 1200 quibusdam,
816 1133 980 1180 eodem
1009 1151 1108 1197 quo
1135 1133 1331 1179 decessit
1356 1150 1507 1190 anno,
1536 1133 1695 1197 paucis
1729 1143 1839 1180 ante

418 1224 625 1260 mortem
676 1211 917 1258 mensibus
944 1247 955 1266 ‚
996 1228 1068 1256 eas
1099 1227 1206 1275 quae
1249 1228 1472 1257 PRINCEPS
1510 1210 1840 1275 exprimebant

421 1289 627 1343 litteras,
665 1288 726 1333 ita
757 1305 852 1333 esse
878 1286 1052 1333 deletas
1087 1287 1155 1349 (3)
1195 1297 1249 1331 ut
1281 1287 1471 1350 penitus
1510 1304 1609 1333 non
1646 1304 1840 1351 appare-

420 1377 546 1413 rent.
589 1365 677 1412 Sed
713 1365 954 1429 superiora
997 1364 1155 1410 omnia
1203 1364 1268 1409 sic
1302 1374 1383 1409 aut
1415 1363 1727 1410 dissimulavit
1760 1374 1841 1410 aut

420 1443 622 1506 sprevit,
649 1459 701 1487 ac
725 1442 759 1487 si
795 1438 917 1488 nihil
946 1440 1116 1488 horum
1149 1440 1204 1486 ad
1228 1457 1301 1488 res
1327 1458 1427 1486 suas
1457 1440 1674 1506 quolibet
1697 1440 1841 1489 modo

421 1520 702 1583 pertineret.

489 1752 727 1799 XXXIII.
771 1752 1070 1798 Testamenta
1111 1752 1179 1814 (Δ)
1212 1750 1364 1798 facere
1404 1751 1635 1809 instituit,
1669 1750 1842 1816 quibus

426 1830 542 1877 filias
568 1830 638 1893 (5)
664 1840 710 1876 et
735 1847 790 1876 ex
819 1829 1100 1876 concubinis
1123 1828 1296 1876 liberos
1327 1847 1384 1876 ex
1413 1829 1569 1894 aliqua
1597 1840 1729 1893 parte
1753 1828 1843 1875 sibi

425 1906 615 1954 heredes
640 1906 838 1963 faceret,
860 1906 937 1953 sed
962 1906 1092 1953 tarde
1117 1906 1360 1962 inchoata,
1391 1906 1554 1971 perfici
1581 1923 1681 1953 non
1698 1916 1845 1969 pote—

425 1995 550 2030 rant.
585 1984 878 2031 Divisionem
912 1995 1066 2030 tamen
1102 1984 1430 2031 thesaurorum
1473 1995 1520 2030 et
1552 1984 1767 2048 pecuniae
1793 2001 1845 2028 ac

427 2063 629 2110 x-estium
653 2063 849 2127 aliaeque
873 2062 1176 2126 supellectilis
1209 2080 1370 2109 coram
1395 2062 1555 2108 amicis
1594 2073 1641 2108 et
1677 2062 1846 2107 minis-

427 2142 512 2187 tris
537 2141 656 2197 suis,
684 2142 819 2187 annis
850 2140 1003 2187 tribus
1025 2141 1095 2203 (6)
1117 2150 1370 2205 antequam
1400 2140 1648 2187 decederet
1664 2175 1677 2197 ‚
1702 2139 1842 2195 fecit,

474 2292 524 2334 (ι)
551 2289 643 2323 Nov.
662 2288 770 2323 codd.
792 2288 1017 2335 inferiorem.

476 2350 525 2394 (2)
552 2348 645 2382 Cod.
666 2347 881 2382 Vindobon.
903 2347 966 2381 16:
988 2349 1113 2393 sinope
1134 2347 1370 2393 descriptum.

477 2406 525 2451 (5)
552 2406 610 2441 Cf.
631 2406 732 2441 Suet.
750 2407 846 2452 Aug.
870 2419 900 2440 c.
920 2418 977 2453 97.

475 2468 525 2510 (4)
550 2466 609 2501 Cf.
630 2466 730 2501 Suet.
753 2470 849 2512 Aug.
871 2477 901 2499 c.
926 2477 1001 2499 101.

475 2526 523 2571 (3)
549 2526 641 2561 Cod.
661 2525 874 2561 Vindobon.
897 2525 964 2574 667
985 2541 990 2559 z
1012 2525 1143 2573 quibus
1161 2538 1208 2560 ex
1227 2524 1557 2570 cotzcubimkfilias
1583 2530 1619 2557 et
1643 2524 1786 2557 liberos.
1804 2544 1846 2548 —

430 2585 549 2618 codd.
577 2585 667 2632 Reg.
694 2585 806 2618 Paris.
827 2582 920 2632 5943
942 2591 978 2618 et
1005 2583 1098 2630 592ss
1117 2584 1240 2630 :filios
1257 2595 1314 2616 ex.
1334 2603 1372 2606 —
1391 2581 1483 2616 Cod.
1509 2581 1722 2617 Vindobon.
1754 2580 1793 2615 16
1811 2589 1846 2615 et

432 2642 536 2675 wald.
560 2642 653 2687 ch.
676 2643 757 2677 Par.
782 2642 883 2690 4877,
905 2641 1009 2691 5997,
1031 2640 1275 2689 595391.fili0-⁹·

486 2703 527 2745 ’(ὶ)
554 2702 671 2735 Codd.
694 2702 908 2736 Yindobon.
928 2700 994 2736 338
1014 2708 1051 2735 ct
1071 2700 1263 2735 Zwetlens.
1283 2712 1380 2734 anno
1400 2701 1520 2733 let-cin.
