2043 3193
547 147 737 186 NOTICE
763 146 861 185 SUR
890 138 1175 185 EGINHARD.
1503 151 1566 188 lxv

160 232 384 304 quelque
400 249 578 301 graves
587 250 690 301 que
704 231 873 281 soient
883 240 1053 280 toutes
1063 248 1143 280 ees
1156 229 1563 299 piesomptions,

160 336 229 368 on
253 327 377 385 peut
396 334 652 367 renoneer
675 316 703 364 a
725 314 828 365 s'en
852 313 1112 383 pre'valoir
1133 312 1264 363 dans
1284 333 1392 365 une
1415 334 1568 386 ques-

159 401 274 450 tion
298 400 390 469 qui
415 418 466 450 se
485 411 668 450 trouve
690 395 900 447 decide'e
925 417 1019 467 par
1038 415 1140 447 une
1161 414 1356 464 preuve
1379 399 1568 451 incon-

160 477 1570 551 testable,e'est-a-direparletemoignaged'uneerivain

158 584 383 636 presque
398 565 815 634 contemporain‚
827 563 1117 626 d'Odillon‚
1132 563 1306 613 moine
1321 562 1386 614 de
1401 563 1572 616 Saint-

160 648 402 716 Me'dard,
432 649 526 718 qui
549 647 680 698 dans
704 666 801 699 son
830 648 1065 698 Histoire
1093 645 1227 698 dela
1255 647 1571 699 translation

161 733 225 785 de
245 734 381 784 saint
401 732 689 794 Se'bastien‚
705 731 862 782 ecrite
884 751 952 782 au
973 737 1023 782 xe
1047 731 1197 781 siecle
1220 729 1318 800 (ι),
1338 732 1573 783 attribue

160 818 529 887 positivement
561 816 631 867 les
655 816 880 867 Annales
919 814 945 866 a
975 799 1270 885 Eginhardr
1305 834 1370 865 en
1403 816 1475 866 les
1506 819 1574 867 ei-

159 913 275 953 tant
302 900 690 952 textuellenient
711 900 804 967 (2).
830 900 979 951 Voici
1009 912 1272 950 comment
1301 900 1575 970 s'exprinie

160 984 377 1036 Odillon
399 983 529 1036 dans
548 1003 601 1034 sa
623 983 829 1054 prefaee
851 982 1087 1035 adressee
1107 984 1135 1033 a
1157 981 1325 1033 l'abbe
1343 983 1572 1052 Ingram.

160 1070 403 1140 Quoique
422 1069 468 1120 le
492 1087 614 1120 nom
636 1051 960 1137 d'Eginhard
980 1088 1010 1137 y
1034 1068 1138 1118 soit
1160 1086 1232 1117 un
1258 1086 1360 1136 peu
1389 1068 1572 1130 altere,

161 1173 217 1205 ce
244 1172 455 1223 passage
477 1172 542 1203 ne
565 1164 692 1221 peut
714 1151 892 1202 laisser
915 1171 1084 1202 aucun
1106 1150 1266 1201 doute
1297 1170 1384 1200 sur
1406 1151 1577 1202 l'iden-

161 1238 254 1288 tite
282 1236 346 1288 de
380 1237 597 1287 l'auteur
628 1247 679 1286 et
703 1234 767 1286 de
797 1235 1057 1304 l'ouvrage
1087 1256 1095 1284 :

219 1388 235 1403 ι(
254 1368 476 1422 Agenardus
488 1368 712 1420 cognomine
725 1367 898 1419 Sapien5‚
916 1382 959 1405 ea
975 1370 1040 1420 qui
1055 1377 1276 1420 tempestate
1290 1369 1498 1407 habebatur
1514 1372 1578 1407 in-

162 1434 295 1486 signi5‚
312 1433 425 1483 hujus
444 1432 739 1470 reverentissimi
761 1432 940 1469 coelicolae
960 1433 1191 1470 mentionem
1213 1434 1251 1469 in
1270 1433 1383 1484 gestis
1397 1447 1575 1471 caesarum

163 1496 298 1533 Karoli
318 1495 450 1547 Magni
471 1504 508 1532 et
529 1495 597 1532 {ilii
620 1495 736 1545 ipsius
754 1494 973 1532 Hludowici
996 1494 1136 1532 faciens
1153 1524 1162 1540 ,
1187 1497 1284 1533 inter
1305 1496 1379 1532 alia
1403 1510 1484 1547 quae
1506 1511 1579 1533 an-

162 1560 293 1596 notino
312 1573 424 1596 cursu
443 1557 634 1603 dictabat,
653 1572 728 1594 non
746 1558 985 1608 inoperosum
1000 1558 1109 1595 duxit
1130 1559 1302 1596 mortalia
1322 1567 1405 1596 acta
1426 1561 1579 1597 immor-

161 1623 227 1660 tali
241 1622 507 1673 astipulatione
523 1621 714 1667 roborare,
732 1621 783 1658 ita
795 1621 922 1659 dicens
942 1636 951 1658 :
975 1640 991 1655 «
1012 1621 1111 1657 Dum
1127 1621 1204 1659 haec
1227 1630 1406 1674 aguntur,
1419 1622 1581 1660 Hildui-

165 1705 181 1720 «
208 1700 278 1723 nus
298 1685 413 1722 abbas
435 1684 654 1721 monasterii
670 1683 796 1721 Sancti
814 1683 991 1736 Dionysii
1010 1683 1174 1722 Romam
1196 1685 1367 1732 mittens,
1389 1695 1581 1724 annuente

165 1769 181 1784 «
206 1749 379 1801 precibus
406 1749 486 1798 ejus
506 1747 678 1800 Eugenio
695 1777 704 1793 ,
733 1755 869 1784 sanetae
894 1747 992 1785 sedis
1024 1748 1234 1799 apostolicae
1268 1756 1359 1785 tunc
1393 1749 1553 1800 praesule
1569 1780 1578 1795 ‚

166 1832 182 1847 α
208 1827 289 1851 ossa
320 1812 525 1850 beatissimi
548 1812 723 1863 martyris
754 1810 892 1848 Christi
920 1810 1132 1849 Sebastiani
1161 1812 1327 1863 accepit,
1350 1820 1386 1849 et
1410 1827 1452 1850 ea
1479 1813 1582 1864 apud

169 1895 184 1910 «ι
207 1875 444 1914 Suessionem
467 1875 657 1913 civitatem
684 1875 721 1911 in
743 1874 898 1912 basilica
920 1874 1047 1912 Sancti
1076 1875 1251 1913 Medardi
1270 1876 1482 1915 collocavit.
1504 1876 1581 1913 Ubi

166 1959 183 1975 u
205 1939 294 1977 dum
316 1939 511 1977 inhumata
535 1940 571 1976 in
594 1938 719 1976 loculo
734 1967 743 1984 ‚
773 1938 811 1975 in
833 1953 908 1989 quo
930 1938 1045 1976 allata
1074 1938 1237 1985 fuerant,
1260 1939 1367 1988 juxta
1392 1940 1580 1977 tumulum

169 2022 185 2036 «
210 2003 329 2040 sancti
349 2002 526 2041 Medardi
546 2003 738 2053 jacerent,
758 2010 862 2039 tanta
883 2002 1077 2053 signorum
1099 2017 1141 2039 ac
1163 2001 1423 2054 prodigiorum
1448 2003 1582 2040 multi-

167 2084 183 2099 «
211 2065 302 2102 tudo
323 2065 478 2111 claruit,
499 2073 602 2102 tanta
624 2065 805 2102 virtutum
837 2065 893 2102 vis
922 2065 959 2101 in
982 2066 1085 2102 omni
1117 2079 1256 2117 genere
1290 2066 1495 2103 sanitatum
1517 2081 1584 2118 per

170 2148 186 2162 «
211 2128 380 2167 divinam
403 2129 560 2180 gratiam
578 2129 616 2165 in
633 2129 787 2165 nomine
808 2127 978 2178 ejusdem
997 2129 1207 2166 beatissimi
1228 2130 1403 2181 martyris
1429 2131 1582 2177 enituit,

170 2211 186 2226 u
212 2201 254 2230 ut
274 2208 294 2229 a
315 2192 420 2229 nullo
437 2192 652 2229 mortalium
668 2192 888 2230 eorumdem
907 2192 1176 2230 miraculorum
1196 2201 1261 2230 aut
1277 2208 1458 2230 numerus
1480 2208 1584 2231 com-

171 2275 187 2289 «
212 2255 421 2307 prehendi,
442 2263 508 2292 aut
530 2256 688 2292 varietas
708 2255 832 2292 verbis
853 2255 977 2292 valcat
996 2256 1190 2307 explicari.
1218 2255 1391 2303 Quorum
1410 2257 1583 2307 quaedam

172 2339 187 2352 «ι
213 2320 306 2357 tanti
339 2319 500 2370 stuporis
535 2332 613 2355 esse
645 2327 847 2356 narrantur
882 2327 923 2356 ut
956 2318 1131 2356 humanae
1165 2319 1436 2357 imbecillitatis
1470 2319 1583 2358 fidem

222 2489 278 2539 (1)
309 2489 412 2527 Cette
431 2489 586 2527 histoire
604 2497 658 2527 est
674 2489 873 2541 imprimee
892 2489 987 2528 dans
1004 2490 1058 2528 les
1080 2488 1332 2527 Bollandistes
1345 2517 1355 2536 ,
1376 2490 1478 2526 Acta
1497 2490 1582 2528 SS.

168 2553 369 2598 Januarii,
396 2561 488 2591 tom.
510 2553 564 2591 II.

224 2620 280 2666 (2)
310 2616 518 2668 Comparez
535 2617 570 2654 le
592 2625 691 2655 texte
711 2619 833 2653 meme
855 2607 1108 2668 d’Eginhard,
1131 2616 1225 2654 dans
1245 2616 1301 2654 les
1322 2616 1510 2664 Annales,
1533 2619 1583 2656 fin

172 2680 217 2717 de
236 2679 354 2717 l'ann.
379 2680 458 2718 826
478 2709 487 2726 ‚
509 2689 600 2718 tom.
622 2679 663 2717 II
680 2708 689 2726 ‚
708 2694 747 2731 p.
770 2679 862 2718 386.

335 2767 366 2796 1.
1365 2770 1389 2796 6
