1924 3183
410 164 426 197 1
435 162 485 198 98
994 153 1242 192 KAROLUS.

408 262 519 291 rum
558 241 778 289 subactus
819 259 871 288 ac
904 239 1183 288 tributarius
1217 240 1393 297 factuS,
1433 240 1708 304 impositum
1734 240 1822 287 sibi

409 320 625 386 vectigal,
648 320 759 367 licet
775 319 971 377 invitus,
992 319 1173 366 solvere
1186 317 1384 366 solebat.
1407 317 1620 382 Cumque
1634 334 1690 365 eo
1711 327 1825 365 tem-

411 417 527 465 pore
544 399 674 447 dicto
687 398 880 446 audiens
897 415 999 446 non
1012 407 1148 455 esset,
1167 397 1335 444 missus
1355 396 1468 443 illuc
1486 397 1629 462 regiae
1650 414 1826 444 mensae

407 477 691 542 praepositus
704 475 958 534 Audulfus,
974 475 1167 540 perfidae
1182 476 1335 540 gentis
1349 475 1696 522 contumaciam
1708 475 1828 521 mira

410 556 648 603 celeritate
679 554 983 619 compressit,
1022 554 1215 619 regique
1256 552 1379 617 apud
1417 553 1745 601 Wormaciam
1783 563 1830 599 et

410 631 595 680 obsides
627 649 746 697 quos
780 640 1050 695 acceperat,
1077 641 1124 678 et
1149 629 1417 694 complures
1451 647 1508 676 ex
1533 629 1698 694 populi
1724 630 1831 693 pri—

410 708 626 757 moribus
650 709 864 756 adduxit.
903 709 1031 765 Rex,
1078 723 1192 771 pace
1224 706 1440 772 undique.
1470 717 1632 771 parta,
1666 706 1833 752 statuit

413 787 616 834 Romam
634 785 898 850 proficisci,
925 795 972 832 et
998 794 1185 848 partem
1208 784 1379 841 Italiae,
1401 802 1510 849 quae
1531 801 1663 830 nunc
1685 784 1834 830 Bene-

414 872 584 911 ventus
609 863 685 926 (1)
710 871 927 919 vocatur,
954 859 1173 925 aggredi,
1195 862 1485 908 conveniens
1514 878 1610 908 esse
1628 859 1835 907 arbitra-

413 952 489 989 tus
504 978 518 1001 ,
542 951 597 988 ut
621 941 747 987 illius
773 939 909 1004 regni
935 939 1170 986 residuam
1189 939 1466 1002 portionem
1489 956 1586 986 suae
1609 939 1833 1004 potestati

414 1019 679 1075 subiceret,
718 1019 847 1080 cujus
878 1027 1020 1079 caput
1051 1017 1102 1062 in
1137 1026 1276 1079 capto
1300 1016 1544 1064 Desiderio
1575 1033 1708 1082 rege,
1735 1034 1836 1063 ma-

409 1099 663 1161 joremque
681 1094 933 1159 partemin
948 1091 1275 1157 Langobardia
1293 1094 1394 1156 jam
1411 1092 1604 1140 subacta
1629 1092 1834 1141 tenebat.

416 1175 515 1222 Nec
532 1174 616 1220 diu
639 1183 851 1220 moratus
866 1207 880 1228 ,
905 1170 985 1218 sed
1017 1171 1275 1217 contractis
1300 1171 1515 1218 celeriter
1542 1172 1838 1218 Francorum

416 1253 589 1317 copiis,
613 1252 662 1297 in
688 1251 786 1314 ipsa
804 1249 1018 1297 hiemalis
1044 1249 1273 1313 temporis
1296 1250 1545 1314 asperitate
1566 1250 1749 1297 Italiam
1768 1250 1840 1297 in-

415 1330 648 1396 greditur.
677 1329 894 1394 Cumque
925 1330 975 1375 in
999 1328 1243 1375 Florentia
1262 1329 1531 1375 Tuscorum
1555 1330 1745 1376 civitate
1761 1347 1841 1375 na-

419 1409 563 1454 talem
580 1406 776 1454 Domini
798 1404 1100 1463 celebrasset,
1118 1414 1294 1470 quanta
1310 1406 1469 1469 potuit
1487 1406 1559 1470 (2)
1581 1405 1837 1463 celeritate,

419 1486 624 1532 Romam
647 1483 716 1529 ire
740 1481 1009 1529 contendit.
1046 1481 1154 1542 Quo
1175 1499 1283 1528 cum
1302 1483 1504 1530 venisset
1520 1518 1533 1539 ,
1566 1501 1619 1529 ac
1641 1483 1699 1529 de
1722 1499 1842 1546 pro-

419 1562 628 1609 fectione
655 1577 736 1606 sua
764 1560 815 1605 in
843 1559 1173 1607 Beneventum
1201 1570 1297 1605 tam
1336 1578 1446 1607 cum
1477 1560 1688 1608 Adriano
1718 1576 1842 1624 pon-

421 1638 547 1685 tifice
577 1654 722 1702 quam
748 1653 858 1682 cum
891 1637 984 1682 suis
1014 1636 1327 1699 optimatibus
1360 1635 1685 1694 deliberasset,
1722 1635 1842 1682 Ara-

423 1718 547 1782 gisus
562 1752 575 1774 ‚
595 1715 692 1762 dux
708 1716 1157 1762 Beneventanorum
1168 1751 1182 1772 ,
1201 1714 1362 1761 audito
1382 1717 1478 1779 ejus
1498 1714 1704 1762 adventu
1720 1731 1843 1761 com-

420 1805 649 1860 pertaque
669 1793 719 1839 in
739 1803 916 1839 terram
941 1810 1073 1839 suam
1095 1792 1306 1839 intrandi
1327 1792 1598 1851 voluntate,
1622 1793 1844 1858 proposi-

424 1885 528 1920 tum
543 1874 639 1936 ejus
651 1881 862 1919 avertere
874 1881 1072 1918 conatus
1089 1880 1171 1918 est,
1184 1871 1327 1918 Misso
1340 1871 1467 1918 enim
1483 1870 1750 1919 Rumoaldo
1762 1871 1844 1933 (3),

423 1952 601 2014 maj0re
631 1949 731 1996 filio
756 1966 867 2007 suo,
905 1967 1015 1995 cum
1049 1948 1329 1996 muneribus
1363 1948 1420 1994 ad
1450 1966 1636 2012 regem,
1677 1965 1845 2012 rogare

426 2028 599 2091 coepit,
627 2043 688 2073 ne
714 2036 890 2073 terram
912 2027 1361 2073 Beneventanorum
1393 2025 1610 2072 intraret.
1650 2024 1741 2072 Sed
1765 2025 1843 2072 ille

425 2106 565 2169 longe
588 2103 724 2150 aliter
759 2103 816 2150 de
853 2102 995 2151 rebus
1036 2104 1269 2150 inchoatis
1304 2102 1573 2150 faciendum
1598 2100 1687 2148 sibi
1714 2101 1843 2166 judi-

427 2200 562 2238 cans,
596 2192 784 2228 retento
808 2199 967 2228 secum
995 2181 1289 2240 Rumoaldo,
1326 2199 1434 2228 cum
1468 2181 1601 2228 omni
1635 2181 1844 2244 exercitu

425 2277 510 2306 suo
532 2260 740 2323 Capuam
764 2258 1033 2323 Campaniae
1061 2259 1301 2306 civitatem
1324 2259 1538 2316 accessit,
1567 2257 1727 2323 ibique
1752 2275 1844 2303 cas-

470 2428 519 2473 (1)
544 2427 601 2461 Ita
619 2425 732 2460 habet
748 2426 872 2471 Pertz,
894 2439 979 2460 cuin
993 2426 1076 2461 cod.
1096 2428 1249 2462 Arman.
1267 2440 1285 2461 a
1303 2427 1349 2462 D.
1371 2427 1488 2474 Bouq.
1508 2426 1546 2460 in
1568 2425 1664 2460 notis
1681 2424 1839 2459 laudato,

423 2489 493 2524 Hic
517 2494 638 2522 autem
658 2487 704 2521 D.
730 2486 863 2535 Bouq„
890 2500 974 2522 cum
998 2488 1162 2523 Nuenar.
1183 2488 1337 2532 comite,
1368 2488 1406 2522 in
1424 2494 1526 2523 textu
1552 2486 1641 2533 legit
1670 2502 1676 2520 :
1705 2488 1741 2520 in
1768 2497 1842 2531 qua

425 2549 677 2584 Beneventum
695 2549 806 2582 situm
825 2554 894 2583 est.

469 2608 522 2651 (2)
546 2608 709 2642 Nuenar.
730 2619 852 2641 comes
872 2624 878 2641 2
901 2621 983 2642 cnm
1000 2610 1165 2643 rizaxz'ma
1183 2608 1377 2643 celerilala

471 2666 521 2712 (5)
547 2667 617 2702 All.
635 2668 831 2712 Rmnolclo,
854 2668 1053 2713 Rumuldo,
1082 2669 1259 2704 Runolala
