1924 3183
410 179 457 214 88
746 176 867 212 VITA
897 176 1088 212 KAROLI
1123 174 1482 212 IMPERATORIS.

410 263 664 326 linguaque
687 272 923 326 amputata
941 299 952 317 ,
981 261 1121 308 fidem
1145 262 1266 325 regis
1291 261 1546 324 implorare
1569 261 1817 324 compule-

410 350 542 385 runt.
577 338 758 386 Idcirco
789 341 989 386 Romam
1016 338 1227 396 veniens,
1259 347 1458 401 propter
1476 337 1812 402 reparandum,

409 417 488 481 qui
511 417 652 464 nimis
669 416 980 464 conturbatus
996 426 1118 473 erat,
1140 415 1345 462 ecclesiae
1365 425 1556 472 statum,
1579 413 1643 460 ibi
1663 425 1818 462 totum

410 493 575 539 hiemis
608 504 792 558 tempus
823 494 1039 540 extraxit.
1069 493 1175 552 Quo
1204 502 1417 556 tempore
1448 491 1746 555 imperatoris
1774 501 1820 537 et

409 571 589 633 augusti
623 587 798 617 nomen
823 570 1002 633 accepit
1019 606 1032 627 ‚
1065 568 1194 634 quod
1216 569 1375 633 primo
1400 568 1446 613 in
1473 577 1660 614 tantum
1683 584 1820 613 aver—

410 657 533 691 satus
561 658 655 703 est,
685 656 739 691 ut
762 646 1035 702 affirmaret,
1065 664 1111 692 se
1135 663 1191 693 eo
1213 646 1287 692 die
1306 681 1320 704 ‚
1344 644 1558 710 quamvis
1581 643 1818 708 praecipua

411 723 634 770 festivitas
662 734 804 781 esset,
836 724 1076 771 ecclesiam
1105 741 1205 771 non
1241 711 1559 780 intraturum,
1589 722 1624 767 si
1657 721 1822 785 ponti-

410 798 509 848 ficis
548 800 801 847 consilium
837 801 1057 864 praescire
1099 787 1343 864 potuisset.
1390 798 1619 846 Invidiam
1665 808 1821 844 tamen

410 879 608 942 suscepti
646 879 883 935 nominis,
921 879 1129 926 romanis
1155 879 1229 941 (1)
1279 875 1644 942 imperatoribus
1680 893 1821 938 super

412 953 499 1001 hoc
539 955 921 1019 indignantibus,
964 973 1131 1020 magna
1172 954 1281 1000 tulit
1314 954 1575 1018 patientia,
1616 952 1822 1016 vicitque

412 1051 574 1080 corum
616 1034 962 1079 contumaciam
994 1033 1409 1098 magnanimitate,
1442 1049 1533 1098 qua
1564 1031 1626 1077 eis
1655 1030 1822 1094 procul

411 1108 557 1156 dubio
575 1110 714 1174 longe
734 1111 1038 1172 praestantior
1059 1121 1158 1157 erat
1171 1146 1184 1167 ‚
1205 1108 1442 1157 mittendo
1466 1109 1522 1155 ad
1540 1125 1618 1155 eos
1637 1107 1823 1154 crebras

413 1186 685 1250 legationeS,
708 1197 753 1233 et
777 1188 823 1232 in
851 1188 1059 1252 epistolis
1085 1187 1252 1234 fratres
1277 1204 1355 1235 eos
1379 1186 1676 1251 appellando.

475 1342 666 1388 XXIX.
701 1347 810 1389 Post
829 1354 1096 1407 susceptum
1123 1345 1363 1408 imperiale
1383 1361 1559 1391 nomen
1573 1379 1586 1402 ,
1610 1361 1717 1390 cum
1742 1343 1824 1389 ad·-

412 1428 617 1464 verteret
636 1419 783 1464 multa
805 1418 986 1483 legibus
1005 1421 1169 1485 populi
1190 1422 1258 1466 sui
1279 1421 1433 1468 deesse
1449 1449 1510 1456 --
1524 1438 1634 1466 nam
1653 1420 1822 1466 Franci

411 1495 523 1541 duas
547 1496 724 1544 habent
749 1498 888 1561 leges,
915 1498 963 1543 in
994 1498 1212 1561 plurimis
1236 1499 1351 1546 locis
1373 1498 1505 1544 valde
1532 1500 1599 1561 (2)
1622 1497 1823 1544 diversas

411 1601 475 1609 -
494 1575 718 1638 cogitavit
736 1592 844 1639 quae
864 1574 1059 1621 deerant
1076 1575 1243 1623 addere
1267 1588 1314 1623 et
1336 1576 1646 1640 discrepantia
1665 1575 1820 1629 unire,

410 1668 549 1713 prava
583 1668 775 1716 quoque
811 1669 862 1697 ac
895 1669 1142 1716 perperam
1167 1654 1350 1717 prolata
1375 1655 1637 1718 corriger63
1665 1653 1743 1699 sed
1767 1652 1823 1698 de

409 1727 479 1773 his
501 1728 618 1774 nihil
644 1728 770 1775 aliud
794 1728 851 1774 ab
877 1746 932 1776 eo
955 1730 1131 1776 factum
1155 1741 1245 1786 est,
1268 1732 1355 1778 nisi
1381 1731 1510 1796 quod
1532 1748 1675 1795 pauca
1701 1730 1824 1794 capi-

411 1805 524 1860 tula,
545 1817 591 1851 et
612 1824 660 1852 ea
682 1805 976 1869 imperfecta,
1000 1807 1180 1871 legibus
1200 1808 1394 1855 addidit.
1417 1809 1645 1855 Omnium
1666 1817 1820 1853 tamen

412 1882 661 1928 nationum
680 1901 788 1947 quae
812 1883 899 1929 sul)
923 1886 1019 1947 ejus
1043 1885 1291 1932 dominatu
1312 1887 1382 1948 (5)
1413 1895 1571 1943 erant,
1590 1887 1696 1949 jura
1715 1902 1821 1949 quae

408 1959 581 2021 scripta
602 1978 700 2006 non
722 1971 855 2007 erant
869 1997 881 2017 ,
902 1961 1168 2010 describere
1190 1981 1241 2009 ac
1263 1964 1433 2010 litteris
1455 1963 1668 2009 mandari
1688 1962 1817 2009 fecit.

409 2036 527 2082 Item
550 2036 747 2083 barbara
768 2039 838 2101 (4)
865 2050 910 2085 et
933 2042 1257 2104 antiquissima
1283 2042 1489 2087 carmina
1506 2077 1518 2097 ,
1548 2039 1721 2104 quibus
1749 2057 1822 2085 ve-

408 2123 562 2158 terum
586 2131 749 2178 regum
776 2127 905 2161 actus
931 2128 977 2162 et
1004 2116 1123 2163 bella
1149 2117 1458 2174 canebantur,
1494 2118 1681 2180 scripsit
1717 2134 1820 2163 me-

406 2192 666 2256 moriaeque
689 2193 946 2239 mandavit.
977 2195 1222 2241 Inchoavit
1239 2207 1286 2242 et
1304 2200 1656 2260 grammaticam
1679 2195 1818 2259 patrii

409 2269 656 2314 sermonis.
679 2269 921 2315 Mensibus
942 2271 1082 2316 etiam
1097 2274 1229 2334 juxta
1251 2273 1495 2336 propriam
1515 2272 1724 2335 linguam
1743 2288 1819 2316 vo-

409 2344 570 2390 cabula
598 2346 848 2410 imposuit,
877 2366 985 2393 cum
1007 2359 1116 2394 ante
1145 2349 1188 2394 id
1216 2350 1443 2413 temporis
1466 2348 1588 2412 apud
1612 2349 1818 2394 Francos

452 2495 500 2537 (1)
528 2494 688 2528 Ruenar.
708 2508 827 2530 comcs
851 2513 855 2529 ς
884 2498 1311 2543 cansamlinopolitmzis.

451 2552 499 2594 (a)
530 2552 647 2585 Valde
666 2553 761 2587 abest
785 2555 820 2588 in
843 2555 948 2589 codd.
974 2557 1185 2591 Yindobon.
1208 2570 1253 2603 90
1272 2564 1307 2592 ct
1326 2556 1523 2592 Florentin.

454 2608 497 2651 ’ΠΙ
529 2612 685 2645 “nivii-ir.
708 2626 825 2646 comcs
852 2632 855 2647 1
881 2615 1028 2650 dissona».

452 2672 481 2710 3
528 2683 533 2702 ι
571 2683 598 2702 (2
629 2673 1034 2709 (1'csmasssca.(Pei-tw
