1924 3183
439 189 519 227 206
1027 184 1275 223 KAROLUS.

439 272 742 338 praesentiam
772 272 1088 335 pervenisset,
1120 271 1321 317 crimine
1350 272 1601 334 majestatis
1631 272 1704 335 (1)
1729 289 1753 317 a
1775 272 1857 318 Ba-

435 350 599 414 joariis
635 359 876 395 accusatus
910 358 995 396 est.
1031 346 1337 411 Objiciebant
1361 347 1434 411 (2)
1473 348 1544 406 ei,
1571 348 1701 414 quod
1735 358 1860 412 post-

442 445 586 493 quam
625 426 778 473 filium
813 444 952 472 suum
993 424 1208 473 obsidem
1239 424 1338 489 regi
1378 423 1595 483 dederat,
1641 424 1864 473 suadente

449 507 649 569 conjuge
686 522 765 551 sua
790 503 1046 569 Liutberga
1087 503 1181 568 (3),
1218 520 1326 568 quae
1365 502 1460 549 filia
1493 503 1722 550 Desiderii
1745 507 1865 568 regis

443 581 869 647 Langobardorum
902 581 1019 637 fuit,
1061 591 1109 628 et
1129 590 1238 645 post
1269 580 1417 645 patris
1448 580 1643 627 exilium
1675 580 1867 627 Francis

448 659 768 705 inimicissima
792 675 977 722 semper
1000 658 1185 714 extitit,
1215 658 1265 703 in
1287 657 1617 705 adversitatem
1651 657 1798 722 regis,
1824 667 1871 704 et

447 748 502 783 ut
524 736 704 784 bellum
731 746 898 783 contra
918 737 1126 783 Francos
1144 736 1438 800 susciperent
1452 771 1465 792 ,
1486 736 1741 783 Hunorum
1764 752 1873 800 gen-

449 827 546 862 tem
567 815 829 862 concitaret
851 813 942 877 (4).
971 813 1111 874 Quod
1137 831 1302 860 verum
1334 813 1504 870 fuisse,
1533 830 1697 859 rerum
1723 813 1772 858 in
1794 829 1874 860 eo-

449 892 558 939 dem
580 908 708 938 anno
737 900 979 954 gestarum
1012 888 1237 953 probavit
1271 900 1483 937 eventus.
1517 887 1876 952 Objiciebantur

450 971 491 1016 ei
521 979 569 1016 et
592 968 678 1014 alia
711 967 956 1032 complura
983 977 1030 1013 et
1051 967 1175 1013 dicta
1198 977 1246 1014 et
1272 966 1422 1025 facta,
1451 984 1556 1032 quae
1582 984 1684 1015 non
1704 966 1796 1013 nisi
1818 965 1876 1012 ab

452 1046 649 1092 inimico
668 1054 716 1091 et
732 1045 853 1090 irato
875 1043 949 1090 vel
967 1042 1069 1090 fieri
1088 1043 1163 1090 vel
1180 1042 1388 1107 proferri
1405 1052 1648 1107 poterant,
1669 1059 1877 1108 quorum

454 1142 514 1171 ne
539 1141 692 1170 unum
709 1121 903 1188 quidem
926 1121 1120 1168 infitiari
1145 1121 1310 1185 coepit.
1339 1121 1429 1168 Sed
1451 1138 1590 1168 noxae
1613 1122 1875 1179 convictUS,

454 1218 553 1248 uno
585 1200 805 1247 omnium
837 1216 1025 1246 assensu
1049 1208 1105 1244 ut
1136 1198 1388 1262 majestatis
1411 1215 1519 1245 reus
1556 1198 1742 1262 capitali
1768 1215 1879 1245 sen-

456 1278 604 1325 tentia
628 1277 878 1323 damnatus
903 1286 988 1323 est.
1024 1275 1114 1323 Sed
1137 1275 1386 1322 clementia
1417 1276 1540 1340 regis
1581 1275 1695 1323 licet
1732 1278 1880 1322 morti

455 1356 699 1402 addictum
716 1354 919 1401 liberare
940 1354 1139 1400 curavit.
1166 1354 1289 1401 Nam
1314 1364 1501 1401 mutato
1523 1353 1688 1400 habitu
1712 1353 1761 1400 in
1784 1370 1883 1400 mo-

456 1435 713 1482 nasterium
752 1433 919 1480 missus
956 1443 1049 1490 est,
1077 1431 1284 1479 ubitam
1318 1432 1538 1496 religiose
1560 1432 1706 1489 vixit,
1741 1448 1882 1496 quam

458 1511 666 1559 libenter
692 1512 766 1576 (5)
794 1511 1008 1557 intravit.
1035 1511 1264 1558 Similiter
1289 1521 1335 1558 et
1358 1509 1579 1569 Theodo‚
1606 1510 1729 1557 filius
1755 1512 1878 1574 ejus,

459 1602 623 1637 tonsus
666 1599 713 1636 et
748 1589 1023 1635 monasticae
1069 1589 1418 1636 conversationi
1458 1589 1753 1652 mancipatus
1793 1598 1879 1635 est.

459 1668 659 1731 Baj0arii
677 1684 892 1731 quoque,
920 1667 1000 1731 qui
1021 1666 1233 1731 perfidiae
1247 1684 1299 1712 ac
1315 1666 1494 1712 fraudis
1510 1683 1677 1713 eorum
1702 1666 1879 1713 conscii

460 1757 508 1792 et
531 1744 834 1792 consentanei
861 1743 1002 1790 fuisse
1025 1744 1201 1807 reperti
1236 1753 1349 1790 sunt
1383 1743 1484 1807 (6),
1512 1743 1655 1790 exilio
1688 1760 1774 1806 per
1808 1741 1882 1788 di-

460 1840 591 1869 versa
632 1822 734 1869 loca
769 1821 1120 1886 relegabantur.
1155 1821 1284 1867 Huni
1313 1838 1451 1876 vero,
1491 1821 1612 1866 sicut
1645 1819 1879 1867 Tassiloni

460 1899 780 1964 promiserant
804 1898 903 1962 (7),
930 1897 1116 1945 duobus
1139 1897 1424 1946 exercitibus
1448 1898 1753 1962 comparatis,
1781 1915 1880 1945 uno

460 1975 719 2024 marchiam
739 1974 813 2038 (8)
830 1975 1224 2039 Forojuliensem,
1240 1975 1390 2022 altero
1402 1975 1664 2038 Bajoariam
1681 1973 1880 2039 aggressi

508 2169 558 2214 (1)
584 2168 628 2202 D.
645 2168 759 2214 Bouq.
778 2179 863 2201 cum
878 2166 1040 2201 Nuenar.
1062 2167 1195 2202 comite
1216 2182 1221 2199 z
1245 2168 1396 2200 crimine
1419 2167 1519 2200 [τε-3309
1540 2166 1761 2212 majestatis.-
1777 2172 1814 2200 et
1831 2164 1878 2199 sic

462 2228 569 2263 infra.

509 2289 560 2333 (2)
585 2286 736 2322 Freher.
759 2286 1013 2333 objicientibus
1031 2288 1074 2320 ei.

510 2346 560 2393 (5)
586 2346 657 2382 All.
683 2346 878 2393 Litbergtz,
900 2346 1151 2393 Liutlzbnrga,
1173 2346 1385 2393 Lutberga,
1406 2345 1636 2390 Luz'tburga,
1658 2342 1876 2378 Laium-da.

510 2409 560 2453 (4)
586 2407 642 2441 Ita
655 2407 702 2440 D.
722 2406 838 2453 Bouq.
858 2406 963 2441 Pertz
982 2413 1019 2441 et
1033 2405 1110 2440 alii.
1122 2407 1362 2441 -Freherus
1380 2422 1384 2439 ε
1409 2406 1623 2441 concilarat.

511 2462 560 2508 (5)
586 2462 631 2496 D.
652 2461 769 2509 Bouq.
791 2474 875 2496 cum
891 2462 1053 2497 Nuenar.
1075 2461 1208 2497 comite
1226 2478 1231 2496 2
1253 2462 1382 2496 libens.

511 2520 560 2566 (6)
586 2520 704 2555 Iidem
721 2537 726 2555 ε
737 2521 865 2568 fuisse
881 2521 1181 2568 perhibebantur.
1197 2521 1290 2557 Cod.
1309 2521 1451 2555 Trevir.
1461 2520 1589 2567 sitisse
1604 2518 1853 2566 perhibentur.

512 2582 561 2629 (7)
587 2581 645 2615 Sic
662 2580 708 2614 D.
728 2581 841 2628 Bouq.
855 2593 937 2616 cum
954 2582 1115 2616 lN‘uenar.
1133 2581 1266 2616 comite
1281 2587 1318 2615 et
1329 2579 1409 2615 cod.
1433 2580 1575 2614 Trevir.
1588 2600 1627 2603 w
1641 2579 1746 2612 Pertz
1766 2595 1771 2612 :
1792 2589 1877 2622 pro-

468 2647 653 2674 miserunt.

512 2698 560 2742 (8)
585 2698 688 2732 Pei-iz
708 2715 713 2732 :
737 2712 908 2733 marcam.
930 2700 1078 2735 Freher.
1102 2699 1301 2734 marcham.
