2043 3193
459 170 479 207 4
1030 163 1304 203 PROLOGUS.

458 266 504 302 et
529 264 692 300 utrum
721 253 779 298 ab
799 252 891 299 alio
911 250 1232 297 scriberentur
1248 265 1415 307 necne,
1435 247 1618 312 liquido
1636 250 1754 296 scire
1772 264 1872 297 non

459 331 612 395 potui.
642 330 889 394 Satiusque
908 326 1114 392 judicavi
1138 324 1300 371 eadem
1325 341 1433 370 cum
1454 324 1555 370 aliis
1583 325 1714 372 velut
1739 343 1873 372 coma

459 409 670 455 muniter
703 407 874 454 litteris
906 403 1125 451 mandata
1159 402 1409 449 memoriae
1440 413 1745 465 posterorum
1772 413 1873 448 tra—

460 487 569 533 dere
589 523 600 542 ,
643 503 783 552 quam
825 484 945 548 regis
988 480 1368 528 excellentissimi
1389 515 1402 536 ,
1448 489 1495 526 et
1537 481 1755 526 omnium
1795 497 1874 525 sua

462 574 599 611 aetate
630 563 850 619 maximi,
887 558 1193 605 clarissimam
1229 557 1375 603 vitam
1410 567 1457 604 et
1489 557 1699 621 egregios
1735 566 1876 620 atque

463 641 679 688 moderni
702 638 930 703 temporis
955 633 1230 682 hominibus
1250 635 1328 680 vix
1352 633 1605 681 imitabiles
1627 644 1757 680 actus
1779 634 1875 695 pati

464 717 720 765 oblivionis
749 712 955 761 tenebris
981 710 1178 757 aboleri.
1211 709 1414 758 Suberat
1441 720 1488 757 et
1510 710 1596 756 alia
1626 728 1726 758 non
1756 711 1877 756 irra-

464 792 733 848 tionabilis,
771 801 823 836 ut
861 790 1052 853 opinor,
1089 804 1248 843 eausa,
1288 803 1396 851 quae
1433 786 1504 833 vel
1537 787 1633 833 sola
1670 787 1878 834 sufficere

464 879 644 935 posset,
674 878 728 914 ut
751 883 826 913 me
853 865 907 911 ad
935 864 1035 910 haec
1059 862 1306 909 scribenda
1340 863 1645 926 compelleret
1677 884 1686 908 :
1715 863 1878 909 nutri-

464 956 680 993 mentum
698 942 915 989 videlicet
937 941 985 986 in
1009 957 1084 987 me
1103 941 1389 1004 impensum,
1416 950 1462 986 et
1481 949 1728 1003 perpetua,
1750 949 1878 1002 post-

466 1041 609 1090 quam
630 1023 676 1068 in
696 1021 798 1067 aula
816 1022 912 1084 ejus
933 1018 1201 1065 conversari
1222 1018 1346 1081 coepi
1362 1053 1375 1074 ,
1396 1034 1506 1063 cum
1528 1017 1629 1081 ipso
1647 1034 1699 1062 ac
1719 1016 1880 1063 liberis

465 1105 561 1168 ejus
584 1099 812 1155 amicitia,
839 1115 930 1163 qua
953 1113 1029 1143 me
1054 1096 1116 1141 ita
1141 1094 1230 1141 sibi
1256 1095 1493 1152 devinxit,
1520 1092 1881 1159 debitoremque

467 1191 561 1226 tam
581 1179 691 1225 vivo
708 1194 850 1243 quam
877 1184 1072 1221 mortuo
1091 1174 1343 1221 constituit
1360 1209 1371 1228 ,
1398 1184 1453 1219 ut
1472 1173 1646 1220 merito
1670 1173 1880 1237 ingratus

465 1256 614 1303 videri
639 1264 685 1302 et
710 1253 911 1317 judicari
937 1267 1147 1316 possem,
1180 1250 1215 1295 si
1247 1259 1321 1295 tot
1350 1249 1695 1296 beneficiorum
1726 1249 1774 1295 in
1805 1265 1882 1296 me

466 1332 749 1379 collatorum
782 1329 856 1393 (1)
886 1328 1168 1382 immemor,
1203 1325 1457 1371 clarissima
1488 1336 1535 1373 et
1568 1324 1882 1371 illustrissima

468 1410 674 1458 hominis
698 1407 879 1472 optime
911 1406 968 1453 de
990 1423 1067 1452 me
1098 1404 1258 1451 meriti
1291 1414 1417 1468 gesta
1441 1403 1632 1451 silentio
1664 1403 1883 1467 praeteri—

468 1506 568 1536 rem
583 1524 594 1544 ‚
621 1496 901 1550 patererque
920 1484 1066 1529 vitam
1085 1483 1182 1545 ejus
1198 1517 1210 1538 ‚
1232 1481 1363 1546 quasi
1389 1482 1470 1545 qui
1489 1498 1737 1545 nunquam
1757 1480 1884 1527 vixe-

467 1568 556 1622 rit,
584 1566 684 1611 sine
707 1563 878 1608 litteris
901 1578 952 1606 ac
981 1559 1138 1607 debita
1164 1558 1299 1605 laude
1323 1575 1514 1604 manere
1534 1558 1624 1621 (2).
1651 1558 1738 1604 Cui
1762 1558 1883 1604 scri-

470 1642 638 1690 bendae
681 1650 821 1703 atque
865 1635 1155 1701 explicandae
1201 1652 1302 1681 non
1348 1652 1508 1681 meum
1552 1634 1846 1699 ingeniolum
1866 1669 1879 1690 ,

469 1719 600 1786 quod
632 1717 750 1765 exile
782 1726 828 1762 et
860 1731 1087 1778 parvum,
1125 1713 1271 1758 immo
1301 1729 1419 1776 pene
1450 1711 1638 1758 nullum
1673 1722 1769 1768 est,
1805 1711 1884 1757 sed

471 1798 738 1844 Tullianam
775 1812 859 1858 par
901 1802 1000 1839 erat
1035 1790 1261 1838 desudare
1297 1789 1584 1836 facundiam.
1605 1792 1758 1836 —En
1795 1788 1883 1835 tibi

472 1876 674 1931 librum,
704 1869 1050 1936 praeclarissimi
1074 1879 1121 1916 et
1143 1868 1335 1914 maximi
1361 1867 1451 1913 viri
1472 1867 1751 1914 memoriam
1773 1884 1885 1913 con-

472 1955 729 2006 tinentem,
761 1950 807 1994 in
835 1965 931 2013 quo
954 1956 1131 2011 praeter
1155 1945 1279 1991 illius
1302 1944 1423 1990 facta
1449 1962 1547 1992 non
1569 1954 1639 1990 est
1662 1944 1793 2008 quod
1811 1943 1886 1990 ad-

471 2032 684 2085 mireri5‚
719 2028 809 2074 nisi
845 2027 998 2082 forte,
1033 2023 1162 2089 quod
1197 2023 1342 2070 homo
1380 2021 1607 2068 barbarus
1641 2022 1715 2085 (ὅ)
1753 2032 1800 2068 et
1835 2022 1883 2067 in

476 2125 668 2156 romana
701 2104 944 2151 locutione
971 2118 1227 2166 perparum
1258 2101 1564 2156 exercitatUS,
1600 2099 1778 2165 aliquid
1809 2117 1886 2146 me

474 2187 693 2233 decenter
724 2193 804 2227 aut
836 2179 1084 2227 commode
1113 2178 1257 2224 latine
1288 2176 1494 2223 scribere
1522 2194 1657 2240 posse
1689 2187 1886 2240 putave-

473 2266 591 2319 rim,
620 2273 759 2325 atque
792 2260 841 2304 in
877 2268 1057 2304 tantam
1092 2255 1434 2320 impudentiam
1461 2254 1794 2318 proruperim,
1832 2265 1885 2299 ut

475 2341 589 2388 illud
631 2337 874 2385 Ciceronis
917 2344 1132 2398 putarem
1180 2331 1587 2380 contemnendum
1608 2367 1619 2387 ‚
1661 2330 1789 2395 quod
1834 2331 1882 2377 in

523 2554 570 2597 11)
596 2555 636 2585 (1.
660 2552 752 2597 ch.
773 2550 884 2583 Paris.
903 2547 991 2591 4628
1011 2563 1015 2580 z
1039 2547 1317 2581 cumulatorum.

536 2624 567 2640 ·›*
595 2611 685 2643 (lod.
709 2610 797 2655 neg.
821 2609 930 2642 Paris.
954 2605 1065 2653 4955,
1090 2613 1124 2639 οῖ
1143 2612 1300 2652 quatuor
1320 2606 1379 2639 alii
1401 2622 1404 2637 ·.
1432 2617 1628 2638 rrmancre.

540 2670 575 2712 3)
602 2671 624 2702 i.
648 2682 674 2699 ρ.
703 2670 906 2701 Garumna<
926 2666 1080 2705 (portast
1104 2665 1146 2698 εἰ
1169 2664 1332 2698 Suetonii
1350 2663 1503 2704 (taligul.
1528 2675 1603 2708 rap.
1624 2665 1676 2710 47.
