1924 3183
390 198 467 234 338
909 192 1281 232 HLUDOWICUS.

388 281 502 330 dolo
534 281 713 327 factum
745 290 958 344 putatur.
994 280 1277 343 Imperator,
1311 287 1553 325 conventu
1585 277 1805 336 dimisso,

386 360 545 423 primo
565 358 921 414 Cruciniacum,
945 357 1115 405 deinde
1137 357 1353 420 Bingiam
1373 356 1584 413 veniens,
1607 356 1808 403 secunda

385 453 504 500 aqua
530 434 866 482 confluentem
891 451 1040 499 usque
1063 450 1149 497 per
1172 433 1389 479 Hrcnum
1409 432 1670 496 navigavit,
1700 432 1809 479 inde

383 515 692 560 Arduennam
704 513 904 560 venandi
919 513 1067 577 gratia
1079 510 1419 575 proficiscitur3
1434 511 1681 557 venatorio
1694 527 1809 575 quo-

382 610 475 656 que
495 592 726 638 exercitio
745 608 880 638 more
898 590 1098 637 solemni
1121 588 1297 635 ibidem
1311 599 1494 645 exacto,
1515 589 1808 654 Aquasgrani

385 670 440 715 ad
470 670 775 717 hiemandum
800 669 1076 717 revertitur.

955 1046 1231 1095 DCCCXX.

450 1156 609 1202 Mense
633 1154 854 1218 januario
879 1162 1142 1200 conventus
1176 1150 1352 1198 ibidem
1380 1150 1592 1210 habitus,
1630 1153 1679 1199 in
1709 1170 1807 1218 quo

384 1232 440 1278 dc
459 1230 710 1278 Liudewiti
737 1230 1005 1277 defectione
1027 1228 1344 1276 deliberatum
1367 1239 1461 1284 est,
1488 1240 1542 1275 ut
1561 1239 1656 1276 tres
1680 1247 1810 1277 exer-

383 1308 503 1353 citus
541 1307 682 1353 simul
718 1324 774 1355 ex
814 1306 967 1353 tribus
1002 1304 1217 1370 partibus
1249 1305 1307 1351 ad
1346 1305 1677 1352 devastandam
1710 1309 1809 1371 ejus

382 1386 628 1450 regionem
668 1395 809 1450 atquc
846 1385 990 1449 ipsius
1021 1383 1261 1430 audaciam
1298 1383 1608 1430 coercendam
1640 1385 1810 1432 mitte-

378 1473 566 1510 rentur.
590 1464 749 1510 Borna
774 1479 968 1528 quoque
992 1461 1151 1525 primo
1175 1478 1262 1525 per
1285 1461 1486 1526 legatos,
1517 1462 1686 1509 deinde
1711 1463 1810 1527 ipse

378 1542 597 1598 veniens,
625 1540 742 1606 quid
766 1540 854 1586 sibi
875 1540 1001 1587 facto
1020 1558 1140 1605 opus
1162 1557 1258 1587 esse
1279 1539 1539 1598 videretur,
1561 1541 1804 1606 suggessit.

380 1620 435 1665 In
463 1636 519 1667 eo
545 1627 787 1666 conventu
810 1620 951 1675 Bera,
985 1635 1142 1665 comes
1173 1618 1482 1675 Barcinonae,
1514 1619 1597 1683 qui
1626 1620 1809 1683 jamdiu

381 1697 557 1744 fraudis
576 1707 623 1744 et
642 1696 932 1743 infidelitatis
949 1714 973 1742 a
992 1696 1162 1742 vicinis
1180 1697 1275 1743 suis
1295 1695 1677 1755 insimulabatur,
1697 1714 1808 1744 cum

381 1784 652 1821 accusatore
700 1791 786 1820 suo
833 1773 1039 1838 equestri
1082 1789 1242 1838 pugna
1281 1772 1540 1839 confligere
1580 1784 1803 1831 conatus,

381 1853 609 1899 vincitur.
634 1853 848 1916 Cumque
871 1862 925 1897 ut
950 1869 1057 1898 reus
1084 1852 1334 1916 majestatis
1360 1851 1547 1915 capitali
1572 1852 1807 1898 sententia

382 1930 707 1987 damnaretur,
735 1946 927 1993 parsum
954 1939 1023 1976 est
1051 1929 1093 1976 ei
1121 1928 1443 1975 misericordia
1477 1928 1803 1992 imperatoris,

385 2018 432 2053 et
463 2008 785 2070 Rotomagum
815 2006 958 2053 exilio
995 2006 1273 2070 deportatus
1314 2016 1383 2053 est
1415 2006 1508 2070 (1).
1549 2007 1805 2053 Transacta

384 2083 563 2140 hieme,
593 2095 647 2129 ut
671 2084 883 2148 primum
907 2082 1052 2130 herba
1083 2082 1313 2148 pabulum
1333 2085 1564 2147 jumentis
1589 2082 1804 2148 praeberc

384 2163 570 2227 potuit,
598 2173 693 2209 tres
717 2162 784 2208 illi
810 2161 1043 2208 exercitus
1067 2171 1234 2208 contra
1256 2161 1580 2210 Liudewitum
1599 2161 1806 2208 mittun-

385 2251 482 2286 tur.
514 2240 733 2300 Quorum
761 2257 884 2285 unus
913 2239 970 2286 de
998 2239 1127 2286 Italia
1159 2257 1244 2304 per
1267 2239 1408 2303 Alpes
1436 2239 1659 2296 Noricas,
1685 2239 1805 2286 alter

385 2336 469 2381 per
490 2319 869 2364 Carantanorum
894 2317 1215 2380 provinciam,
1238 2318 1406 2364 tertius
1432 2334 1517 2380 per
1541 2316 1803 2380 Bajoariam

385 2406 431 2442 et
461 2395 757 2441 Pannoniam
789 2395 1083 2458 superiorem
1122 2395 1318 2441 intravit
1347 2415 1356 2440 ε
1387 2405 1433 2441 et
1462 2393 1557 2440 duo
1582 2392 1798 2457 quidem,

387 2472 433 2519 id
454 2483 521 2519 est
541 2472 705 2518 dexter
724 2489 776 2518 ac
795 2471 1003 2531 sinister,
1026 2471 1203 2518 tardius
1224 2472 1418 2536 ingressi
1443 2481 1576 2526 sunt,
1598 2487 1652 2516 co
1672 2470 1802 2534 quod

428 2712 477 2754 (ι)
503 2711 545 2743 D.
569 2710 681 2756 Bouq.
703 2723 786 2745 cum
807 2711 923 2744 Nucn.
947 2711 1078 2745 comite
1101 2727 1106 2743 τ
1131 2712 1241 2745 c‘xt'lio
1258 2711 1485 2755 proveriplus
1506 2714 1571 2741 esl.
