1924 3183
427 183 504 222 246
1008 182 1255 220 KAROLUS.

424 271 499 317 die
534 287 567 316 11
599 287 716 316 non.
747 272 852 332 jun.
882 270 968 331 (1).
1007 269 1120 315 Inde
1147 286 1231 332 per
1250 268 1529 315 Aurelianos
1561 287 1611 315 ac
1641 270 1840 317 Parisios

425 346 716 412 Aquasgrani
742 362 954 392 reversus
981 355 1050 391 est
1066 380 1079 401 ‚
1109 355 1156 391 et
1179 362 1339 391 mense
1362 354 1562 410 augusto
1588 345 1841 393 inchoante

425 423 783 488 Mogontiacum
807 423 1000 471 veniens
1013 458 1029 481 ‚
1057 421 1328 487 generalem
1353 433 1644 469 conventum
1668 422 1843 470 ibidem

425 504 619 562 habuit,
657 515 704 552 et
736 505 826 550 iter
858 505 905 550 in
942 503 1123 549 Italiam
1159 502 1374 550 condixit
1404 503 1477 567 (2)
1515 523 1524 548 :
1559 512 1699 568 atque
1736 503 1844 550 inde

425 583 667 647 profectus
687 619 699 639 ,
754 601 863 629 cum
908 582 1120 628 exercitu
1169 582 1443 628 Ravennam
1484 582 1640 638 venit,
1685 580 1845 646 ibique

426 671 604 725 septem
635 678 734 707 non
770 659 972 724 amplius
1006 659 1103 705 dies
1135 668 1372 714 moratus,
1404 659 1668 723 Pippinum
1693 658 1843 704 filium

426 757 565 785 suum
605 757 714 785 cum
755 738 920 786 eodem
972 737 1183 783 exercitu
1232 737 1280 782 in
1326 747 1503 782 terram
1552 737 1844 783 Beneventa-

427 834 601 864 norum
628 817 695 863 ire
717 816 883 879 jussit3
911 831 1202 879 movensque
1228 814 1284 861 de
1315 815 1538 861 Ravenna
1565 814 1705 859 simul
1737 830 1846 860 cum

425 894 528 941 filio
543 930 555 949 ‚
579 894 829 940 Anconam
852 908 1001 955 usque
1024 891 1272 954 pervenit3
1296 908 1394 956 quo
1418 889 1483 936 ibi
1506 890 1699 937 dimisso
1714 925 1726 946 ‚
1753 891 1847 936 Ro-

428 989 554 1017 mam
575 970 911 1035 proficiscitur.
937 969 1021 1014 Cui
1049 986 1158 1014 cum
1182 968 1335 1033 pridie
1359 985 1502 1033 quam
1527 969 1611 1015 illo
1633 969 1843 1023 veniret,

428 1049 524 1094 Leo
559 1065 676 1111 papa
710 1046 834 1110 apud
862 1045 1160 1092 Nomentum
1195 1045 1266 1108 (5)
1304 1044 1616 1101 occurrisset,
1660 1055 1707 1091 et
1739 1061 1846 1090 cum

428 1143 595 1189 magna
621 1141 730 1171 eum
753 1124 1061 1170 veneratione
1086 1121 1262 1169 ibidem
1286 1123 1584 1186 suscepisset,
1613 1134 1722 1187 post
1740 1139 1847 1169 coe-

430 1220 567 1258 nam,
596 1219 688 1267 qua
717 1201 855 1246 simul
881 1200 1046 1247 refecti
1071 1210 1207 1256 sunt,
1244 1199 1328 1246 illo
1355 1198 1419 1246 ihi
1445 1211 1693 1257 manente,
1721 1217 1848 1264 pon—-

431 1280 547 1326 tifex
569 1279 627 1325 ad
652 1278 822 1325 urbem
845 1278 1086 1341 praecessit
1103 1313 1115 1333 7
1145 1288 1191 1323 et
1216 1277 1265 1323 in
1291 1281 1549 1324 crastinum
1574 1279 1642 1340 (ά)
1670 1278 1720 1323 in
1742 1296 1850 1342 gra-

428 1358 566 1404 dibus
601 1357 805 1403 basilicae
846 1356 968 1403 beati
1008 1356 1134 1403 Petri
1166 1356 1369 1419 apostoli
1401 1373 1510 1402 cum
1542 1357 1771 1420 episcopis
1804 1367 1850 1402 et

430 1436 653 1482 universo
684 1434 812 1480 clero
845 1433 1133 1489 consistens,
1170 1432 1500 1480 advenientem
1532 1433 1601 1496 (5)
1634 1449 1850 1498 equoque

430 1513 795 1562 descendentem
824 1512 925 1558 Deo
961 1510 1118 1558 laudes
1152 1510 1353 1558 dicendo
1386 1522 1433 1558 et
1464 1512 1634 1576 gratias
1670 1511 1849 1576 agendo

429 1592 633 1655 suscepit
649 1627 662 1647 ‚
688 1602 735 1637 et
761 1590 943 1636 cunctis
969 1587 1279 1653 psallentibus
1303 1590 1351 1636 in
1379 1590 1620 1637 ecclesiam
1645 1588 1851 1653 ejusdem

433 1669 689 1717 beatissimi
707 1667 907 1732 apostoli
929 1667 1080 1713 Deum
1097 1666 1367 1731 glorificans
1384 1677 1525 1731 atque
1545 1666 1851 1732 magnificans

437 1746 720 1795 introduxit.
760 1746 899 1794 Facta
936 1754 1049 1790 sunt
1083 1744 1184 1791 haec
1218 1761 1309 1791 vm
1354 1744 1446 1790 kal.
1489 1743 1702 1791 decemb.
1741 1744 1853 1790 Post

434 1834 614 1889 septem
637 1840 751 1870 vero
784 1823 881 1869 dies
905 1839 1014 1878 reX,
1042 1823 1275 1869 concione
1308 1832 1496 1878 vocata,
1534 1840 1618 1868 cur
1651 1823 1853 1868 Romam

434 1902 639 1949 venisset
669 1899 893 1947 omnibus
927 1898 1174 1963 patefecit,
1203 1910 1251 1946 et
1274 1898 1442 1946 exinde
1467 1899 1680 1963 quotidie
1702 1918 1853 1964 prop-

436 1990 508 2026 ter
531 1996 638 2043 quae
657 1988 852 2025 venerat
870 1976 1082 2023 facienda
1106 1993 1298 2040 operam
1326 1977 1582 2041 impendit3
1612 1979 1660 2023 in
1680 1977 1853 2043 quibus

435 2056 509 2102 vel
535 2056 796 2101 maximum
820 2054 893 2101 vel
929 2054 998 2117 (6)
1029 2053 1361 2100 difficillimum
1388 2065 1513 2112 erat,
1540 2055 1669 2119 quod
1698 2055 1853 2120 primo

437 2132 713 2181 inchoatum
733 2142 825 2187 est,
847 2132 904 2177 de
923 2130 1257 2195 investigandis
1275 2130 1492 2178 videlicet
1509 2149 1616 2196 quae
1639 2131 1852 2196 pontifici

483 2345 533 2389 (ι)
552 2343 611 2378 Sic
622 2341 727 2376 codd.
738 2342 895 2384 Trevir„
906 2341 1113 2375 Hannover.
1124 2348 1161 2375 et
1170 2342 1410 2378 Vindobonn.
1426 2357 1435 2377 1
1450 2352 1621 2392 1oet99o.
1633 2345 1727 2378 —D.
1739 2344 1852 2391 Bouq.

435 2416 518 2437 cum
534 2402 695 2437 Nuenar.
716 2401 849 2435 comite
866 2407 903 2434 et
925 2400 1108 2435 Fieheioz
1132 2401 1251 2445 pridie
1269 2415 1353 2436 non.
1376 2403 1481 2437 Pertz
1501 2419 1505 2436 r
1529 2402 1623 2437 diem
1645 2415 1676 2437 2.
1699 2417 1781 2438 mm.

485 2464 519 2507 (2
560 2462 604 2495 D.
625 2462 739 2507 Bouq
762 2467 798 2494 et
823 2460 1321 2495 Nuena1.eomes:mdia-it.

560 2522 615 2556 Al.
638 2521 879 2556 N.umcnlum

485 2522 533 2568 5)

485 2585 533 2626 4)
558 2582 603 2616 D.
628 2582 740 2628 Bouq.
760 2594 841 2616 cuni
865 2581 1025 2614 Nnc-nm.
1047 2581 1201 2614 comiti:
1223 2588 1439 2626 pastumque
1460 2580 1529 2614 du.

499 2641 535 2685 5)
565 2642 705 2675 lidcm·
730 2641 984 2675 adw'mzentam
1007 2653 1140 2687 ttgem.

502 2701 531 2732 (ὃ
518 2708 538 2741 ›)

564 2700 631 2734 lid
651 2704 685 2733 in
708 2701 838 2746 f'vsmlm
862 2708 898 2734 ul
920 2713 1119 2734 maumam
1140 2707 1189 2734 ela
1210 2699 1399 2740 ιΙιθίωΙΙκζιν
1496 2713 1511 2715 >·
1537 2706 1560 2729 ’ί
