1924 3183
342 175 421 212 352
858 169 1233 208 HLUDOWICUS.

340 270 474 325 parte
497 258 719 307 orientali
741 257 960 305 Saxoniae
975 293 988 314 ,
1011 274 1121 321 quae
1140 255 1435 304 Soraborum
1454 257 1630 304 finibus
1650 276 1764 307 con-

341 340 468 403 tigua
499 349 590 395 est,
627 338 677 383 in
710 336 918 402 quodam
950 335 1135 382 deserto
1164 334 1298 391 loco,
1334 337 1467 399 juxta
1495 335 1651 382 lacum
1681 337 1763 400 qui

341 416 518 462 dicitur
538 414 741 472 Arnseo,
772 415 821 460 in
841 413 1041 460 modum
1069 413 1248 477 aggeris
1276 422 1403 459 terra
1429 413 1688 469 intumuit,
1719 424 1766 460 et

341 492 546 538 limitem
560 491 702 537 unius
720 491 867 537 leucae
884 488 1184 553 longitudine
1202 499 1500 552 porrectum,
1521 488 1608 535 sub
1624 488 1767 535 unius

344 570 497 618 noctis
535 569 687 633 spatio
708 606 721 627 ‚
759 567 935 632 absque
972 567 1167 613 humani
1204 567 1361 630 operis
1393 566 1669 624 molimine,
1710 566 1769 613 ad

344 648 493 694 instar
510 646 619 693 valli
644 646 852 693 surrexit
875 647 960 707 (1).

407 723 676 788 Winigisus
713 722 810 769 dux
848 721 1112 786 Spolitinus
1130 757 1144 778 ‚
1179 724 1279 786 jam
1320 722 1453 769 senio
1495 721 1766 779 confectus,

344 801 509 849 habitu
540 801 736 848 seculari
761 800 978 864 deposito
995 836 1009 858 ‚
1042 801 1318 847 monasticae
1351 800 1700 849 conversationi
1725 818 1772 847 se

343 881 660 944 mancipavit,
698 896 750 925 ac
786 895 888 924 non
923 878 1080 924 multo
1116 887 1224 942 post
1259 889 1411 925 tactus
1447 879 1664 942 corporis
1696 878 1773 924 in-

345 958 572 1005 firmitate
590 957 810 1013 decessit3
836 957 885 1002 in
908 957 1040 1019 cujus
1065 955 1225 1002 locum
1246 957 1435 1020 Suppo,
1458 957 1632 1002 Brixiae
1656 956 1774 1002 civi-

348 1036 455 1081 tatis
480 1051 660 1091 comes,
689 1031 974 1079 substitutus
994 1042 1080 1078 est.
1104 1034 1320 1078 Domnus
1342 1034 1620 1096 imperator,
1647 1049 1773 1079 con·-

346 1114 452 1160 silio
471 1131 580 1159 cum
596 1111 828 1176 episcopis
843 1121 888 1157 et
904 1108 1216 1174 optimatibus
1235 1110 1327 1156 suis
1345 1109 1527 1167 habito,
1547 1109 1774 1156 fratribus

347 1192 458 1249 suis,
481 1207 601 1255 quos
622 1189 797 1235 invitos
818 1187 1018 1235 tondere
1040 1187 1110 1251 (2)
1131 1188 1295 1252 jussit,
1319 1188 1655 1235 reconciliatus
1676 1198 1772 1246 est,

348 1280 395 1317 et
427 1279 520 1315 tam
555 1267 613 1315 de
642 1266 733 1314 hoc
765 1266 923 1323 facto,
951 1284 1094 1331 quam
1122 1275 1167 1312 et
1189 1265 1246 1313 de
1276 1265 1346 1312 his
1380 1283 1489 1330 quae
1520 1283 1628 1330 erga
1659 1267 1777 1312 Ber—

347 1346 613 1403 nhardum,
641 1345 796 1391 filium
824 1344 985 1390 fratris
1010 1344 1080 1390 sui
1103 1344 1290 1408 Pippini
1308 1380 1321 1400 ,
1350 1361 1540 1391 necnon
1566 1354 1613 1391 et
1637 1343 1693 1390 de
1721 1344 1776 1390 iis
1831 1380 1834 1383 -

349 1443 453 1490 quae
475 1425 596 1470 circa
618 1422 937 1470 Adalhardum
962 1421 1181 1469 abbatem
1204 1432 1251 1468 et
1275 1420 1475 1469 fratrem
1493 1423 1589 1485 ejus
1605 1421 1777 1467 Wala-

349 1502 492 1548 chum
508 1512 633 1566 gesta
652 1510 782 1557 sunt,
801 1499 1044 1564 publicam
1063 1499 1412 1547 confessionem
1427 1499 1542 1546 fecit
1556 1509 1601 1545 et
1620 1498 1776 1562 poeni-

350 1579 550 1626 tentiam
567 1579 679 1643 egit,
698 1576 829 1642 quod
844 1587 1001 1624 tamen
1022 1577 1070 1623 in
1089 1593 1147 1623 eo
1165 1585 1423 1632 conventu,
1444 1592 1586 1640 quem
1605 1574 1775 1621 eodem

349 1673 478 1703 anno
508 1673 670 1702 mense
706 1664 905 1718 augusto
937 1653 1165 1700 Attiniaci
1203 1652 1399 1710 habuit,
1441 1649 1775 1716 inpraesentia

349 1735 498 1781 totius
527 1733 693 1798 populi
726 1733 795 1779 sui
830 1732 1037 1797 peregit,
1075 1733 1124 1778 in
1154 1749 1252 1797 quo
1284 1730 1517 1796 quidquid
1547 1730 1775 1776 similium

348 1829 512 1858 rerum
534 1811 609 1858 vel
633 1829 657 1856 a
683 1828 729 1857 se
753 1810 828 1857 vel
852 1828 875 1855 a
900 1820 1035 1873 patre
1050 1826 1136 1856 suo
1152 1809 1333 1855 factum
1358 1809 1426 1872 (ὅ)
1456 1808 1670 1855 invenire
1693 1824 1776 1872 po-

351 1891 471 1947 tuit,
500 1907 682 1936 summa
708 1889 963 1936 devotione
992 1887 1241 1936 emendare
1266 1887 1465 1933 curavit.

415 1968 667 2014 Exercitus
703 1967 760 2014 de
792 1966 922 2013 Italia
953 1977 1153 2030 propter
1188 1964 1558 2013 Liudewiticum
1592 1963 1773 2010 bellum

351 2043 701 2091 conficiendum
730 2044 778 2088 in
802 2044 1097 2090 Pannoniam
1119 2042 1287 2087 missus
1312 2050 1408 2098 est,
1443 2040 1499 2087 ad
1529 2043 1659 2104 cujus
1685 2041 1774 2087 ad-

350 2133 550 2169 ventum
575 2121 883 2178 Liudewitus,
911 2121 1052 2166 Siscia
1080 2120 1154 2184 (4)
1181 2120 1369 2167 civitate
1394 2119 1555 2166 relicta
1571 2155 1583 2176 ,
1608 2118 1665 2165 ad
1684 2119 1774 2165 So-

351 2199 509 2257 rabos,
534 2217 641 2264 quae
667 2199 799 2245 natio
825 2216 1043 2263 magnam
1066 2197 1312 2243 Dalmatiae
1338 2208 1524 2262 partem
1552 2195 1773 2244 obtinere

350 2277 545 2334 dicitur,
564 2276 790 2342 fugiendo
809 2294 855 2322 se
874 2275 1081 2323 contulit
1093 2311 1106 2334 ,
1130 2287 1176 2322 et
1193 2292 1293 2322 uno
1312 2292 1368 2321 ex
1386 2272 1585 2320 ducibus
1604 2291 1770 2321 eorum

397 2483 447 2527 (1)
472 2482 517 2515 D.
540 2481 657 2528 Bouq.
676 2492 760 2515 cum
779 2480 901 2515 Nuen.
924 2481 1056 2514 comite
1078 2495 1084 2513 :
1109 2481 1270 2514 sustulit.

398 2553 449 2594 (2)
471 2551 514 2583 D.
532 2550 646 2597 Bouq.
666 2562 749 2584 cum
764 2549 926 2584 Nuenar.
946 2561 1039 2583 com.
1060 2555 1096 2583 et
1114 2549 1267 2583 Freher.
1286 2548 1432 2584 tonderi
1445 2548 1567 2594 jussit.

398 2618 447 2664 (5)
473 2619 633 2654 Nuenar.
649 2626 685 2653 et
698 2619 742 2653 D.
766 2619 880 2665 Bouq.
901 2631 923 2652 a
936 2617 1255 2663 putrefactarum.

398 2688 447 2729 Μ)
475 2686 530 2721 ΑΙ.
561 2688 666 2721 Se'ct'a.
