1924 3183
445 179 522 214 ⁶218
1030 178 1278 216 KAROLUS.

446 274 658 319 vocatur,
684 264 900 321 venisset,
930 276 974 312 et
1003 266 1049 311 in
1074 283 1124 312 ea
1149 265 1439 312 hiematurus
1463 267 1761 325 consedisset,
1790 269 1853 316 ihi

446 341 658 388 Natalem
680 342 874 388 Domini
899 355 945 390 et
965 342 1135 390 Pascha
1161 342 1432 390 celebravit.

1016 872 1265 919 DCCXCII
1276 909 1285 918 .

509 979 707 1043 Orgellis
730 989 799 1025 est
822 979 982 1024 civitas
1009 979 1057 1025 in
1078 980 1270 1044 Pyrinei
1305 981 1483 1027 montis
1500 982 1617 1046 jugo
1637 980 1747 1037 sita,
1774 998 1858 1027 cu-

436 1058 512 1120 jus
537 1058 782 1121 episcopus
800 1057 996 1103 nomine
1014 1057 1145 1104 Felix
1159 1093 1172 1114 ,
1196 1058 1389 1104 natione
1411 1058 1661 1122 Hispanus,
1685 1057 1743 1104 ab
1763 1058 1858 1104 Eli-

443 1135 626 1198 pando,
655 1135 812 1182 Toleti
845 1136 1093 1198 episcopo,
1121 1153 1206 1198 per
1236 1135 1416 1182 litteras
1450 1135 1717 1192 consultus,
1746 1136 1859 1200 quid

442 1212 499 1259 de
530 1212 823 1259 humanitate
856 1214 1107 1259 Salvatoris
1142 1214 1226 1259 Dei
1256 1223 1303 1259 et
1336 1213 1526 1260 Domini
1565 1214 1717 1260 nostri
1751 1214 1858 1260 Jesu

443 1289 616 1335 Christi
656 1290 830 1337 sentire
873 1289 1092 1347 deberet,
1134 1301 1297 1336 utrum
1347 1290 1605 1336 seeundum
1646 1290 1693 1336 id
1732 1290 1859 1354 quod

441 1366 589 1414 homo
614 1378 683 1414 est
699 1405 711 1428 ‚
745 1368 967 1431 proprius
991 1385 1051 1414 an
1076 1367 1324 1432 adoptivus
1343 1368 1428 1415 Dei
1453 1367 1576 1414 filius
1600 1367 1859 1415 credendus

441 1455 560 1491 esset
584 1462 637 1491 ac
659 1445 915 1503 dicendus,
944 1445 1078 1492 valde
1102 1446 1288 1492 incaute
1318 1455 1458 1509 atque
1488 1445 1856 1501 inconsiderate,

443 1533 490 1568 et
525 1533 692 1569 eontra
733 1523 979 1587 antiquam
1023 1522 1267 1571 catholicae
1303 1523 1522 1569 Ecclesiae
1563 1523 1856 1579 doctrinam,

438 1599 714 1664 adoptivum
731 1618 831 1647 non
857 1601 1010 1647 solum
1027 1601 1378 1665 pronuntiavit,
1399 1601 1477 1647 sed
1501 1601 1642 1647 etiam
1671 1601 1858 1664 scriptis

439 1677 496 1722 ad
514 1688 830 1724 memoratum
855 1679 1130 1742 episcopum
1149 1676 1308 1734 libris,
1336 1688 1509 1742 quanta
1531 1678 1691 1742 potuit
1717 1678 1858 1742 perti-

439 1756 569 1802 nacia
593 1757 875 1819 pravitatem
911 1757 1192 1804 intentionis
1225 1775 1320 1803 suae
1346 1758 1417 1820 (1)
1442 1757 1692 1804 defendere
1719 1774 1858 1802 cura-

439 1834 524 1879 vit.
556 1834 702 1897 Hujus
727 1835 794 1881 rei
826 1853 957 1882 causa
989 1835 1158 1881 ductus
1189 1835 1245 1881 ad
1275 1836 1502 1899 palatium
1526 1836 1648 1899 regis
1667 1852 1856 1881 ——nam

440 1912 476 1957 is
512 1913 580 1975 (2)
623 1922 738 1958 tunc
770 1912 893 1976 apud
928 1914 1188 1978 Reginum,
1228 1913 1453 1976 Bajoariae
1495 1913 1761 1967 civitatem,
1807 1912 1855 1957 in

438 2005 536 2052 qua·
551 1987 854 2047 hiemaverat,
876 1988 1110 2036 residebat
1126 2017 1191 2025 —
1211 1987 1291 2034 ubi
1313 2006 1541 2054 congrega
1550 1999 1598 2035 to
1617 1988 1855 2053 episcopo-

438 2084 548 2111 rum
589 2067 794 2114 concilio
827 2067 1011 2113 auditus
1050 2078 1144 2122 est,
1184 2078 1231 2114 et
1277 2085 1450 2114 errasse
1489 2067 1759 2125 convictus,
1800 2065 1854 2112 ad

438 2145 738 2207 praesentiam
779 2143 973 2190 Adriani
1017 2144 1259 2208 pontificis
1301 2145 1502 2191 Romam
1548 2145 1712 2190 missus
1730 2179 1743 2199 ,
1790 2142 1854 2188 ibi

438 2221 579 2266 etiam
600 2238 759 2267 coram
784 2221 885 2285 ipso
910 2222 959 2267 in
978 2221 1166 2268 basilica
1189 2221 1311 2268 beati
1338 2222 1463 2269 Petri
1489 2221 1689 2285 apostoli
1711 2219 1855 2266 haere-

437 2298 524 2344 sim
559 2315 689 2344 suam
728 2299 968 2345 damnavit
999 2300 1071 2362 (5)
1101 2309 1243 2364 atque
1272 2298 1523 2345 abdicavit.
1565 2298 1672 2358 Quo
1697 2298 1849 2352 facto,

482 2511 533 2553 (1)
562 2509 602 2543 D.
626 2509 740 2555 Bouq.
761 2522 843 2543 cum
865 2509 1025 2544 Nucnar.
1046 2510 1179 2545 comite
1202 2526 1207 2542 ·.
1230 2510 1519 2555 pertinacissime
1537 2510 1755 2553 pravitatem
1772 2507 1846 2550 opi-

440 2570 556 2602 ἰἱοηιῖς
575 2582 666 2602 siae.

482 2630 530 2671 (2)
562 2628 672 2661 Iidem
693 2643 696 2659 ῑ
720 2630 783 2674 qui
801 2634 896 2661 lum:

484 2686 531 2725 (Ἰ)
561 2687 674 2721 iidem
698 2704 701 2706 ·
727 2688 914 2731 coriscum
939 2695 1004 2719 ml.
