1924 3183
389 167 462 205 140
965 161 1211 200 PIPPINUS.

384 266 430 301 et
444 255 551 318 igne
566 252 826 308 devastans,
846 261 1096 315 postquam
1106 248 1164 295 ad
1182 248 1444 295 Limovicas
1464 248 1538 311 (1)
1563 247 1791 311 oppidum

384 332 545 389 venit,
567 347 780 377 reversus
800 339 892 388 est,
913 339 960 376 et
994 329 1040 374 in
1066 327 1175 374 villa
1200 326 1432 373 carisiaco
1465 324 1677 372 hibernis
1708 324 1793 371 ha-

386 409 499 455 bitis
517 444 529 465 ,
561 407 775 455 Natalem
809 406 1005 453 Domini
1041 423 1093 451 ae
1122 403 1293 451 Pascha
1322 402 1593 450 celebravit.
1629 404 1683 449 In
1708 402 1793 448 hac

388 484 687 550 expeditione
705 484 726 530 s
726 485 796 529 uit
807 501 915 530 eum
928 500 1034 547 rege
1046 482 1169 528 filius
1183 483 1219 545 ej
1227 498 1278 526 us
1294 480 1640 544 primogenitus
1649 480 1794 525 Karo-

385 563 457 608 lus
472 600 484 623 ,
505 562 562 608 ad
578 579 720 626 quem
735 571 842 625 post
860 560 1002 624 patris
1027 558 1214 606 obitum
1239 557 1384 603 totius
1406 556 1590 620 imperii
1615 573 1794 602 summa

388 657 612 687 conversa
634 648 702 686 est
725 640 808 702 (2).

955 931 1225 978 DCCLXII.

456 1043 683 1106 Pippinus
711 1058 794 1087 rex
824 1049 1040 1104 suscepto
1074 1057 1097 1084 a
1137 1056 1183 1085 se
1220 1037 1346 1084 bello
1374 1037 1518 1083 finem
1556 1037 1801 1099 imponere

392 1120 609 1184 cupiens,
638 1119 812 1165 iterum
836 1118 1152 1182 aquitanicam
1175 1115 1471 1179 provinciam
1491 1131 1599 1160 cum
1620 1113 1801 1178 magnis

393 1198 539 1261 copiis
578 1197 749 1242 intrat:
779 1195 1019 1259 captisque
1059 1193 1266 1238 Biturica
1303 1192 1490 1237 civitate
1531 1201 1579 1237 et
1614 1189 1802 1236 castello

394 1273 613 1330 Toareis‚
640 1273 914 1319 revertitur.
945 1271 1275 1334 Hiemavitque
1295 1271 1344 1316 in
1370 1268 1477 1314 villa
1503 1267 1798 1323 Gentiliaco;

392 1361 533 1415 atque
557 1352 607 1397 in
632 1368 682 1399 ea
704 1351 775 1414 (5)
801 1349 1016 1397 Natalem
1044 1349 1237 1395 Domini
1262 1366 1313 1394 ac
1338 1345 1567 1394 Paschalis
1590 1345 1696 1392 festi
1727 1362 1804 1392 so-

394 1428 566 1475 lemnia
592 1428 662 1491 (4)
686 1425 956 1473 celebravit.

950 1640 1242 1686 DCCLXIH.

460 1749 705 1796 Redeunte
723 1749 837 1795 anni
853 1765 1067 1812 congruo
1080 1757 1312 1810 tempore,
1328 1754 1568 1792 conventu
1583 1745 1631 1791 in
1647 1745 1808 1791 Niver—

396 1830 470 1875 nis
490 1827 678 1883 habito,
706 1837 752 1873 et
776 1826 1033 1873 contractis
1058 1824 1271 1888 undique
1290 1824 1454 1887 copiis,
1477 1840 1558 1869 rex
1577 1822 1806 1886 Pippinus

396 1905 702 1969 Aquitaniam
735 1904 937 1967 repetit,
975 1913 1021 1949 et
1048 1902 1206 1949 omnia
1232 1918 1340 1965 quae
1364 1910 1493 1947 extra
1517 1900 1806 1946 munitiones

399 1992 534 2029 erant
558 1981 688 2028 ferro
712 1992 759 2027 et
789 1981 896 2044 igne
914 1979 1253 2044 depopulatus,
1288 1994 1434 2042 usque
1454 1976 1511 2022 ad
1534 1976 1808 2023 Cadureiam

399 2058 629 2123 oppidum
662 2058 851 2104 accessit
880 2058 967 2120 (5).
1004 2056 1117 2102 Inde
1149 2073 1257 2101 eum
1291 2055 1477 2118 integro
1508 2055 1718 2100 exercitu
1760 2054 1808 2100 in

401 2138 645 2183 Franciam
662 2154 708 2183 se
723 2145 1017 2199 recepturus,
1037 2152 1122 2200 per
1140 2134 1429 2180 Limovicam
1441 2134 1511 2196 (6)
1525 2132 1806 2197 regreditur.

448 2323 497 2370 (1)
524 2321 642 2358 Codd.
663 2321 876 2358 Vindobon.
901 2332 963 2354 110
979 2326 1015 2353 et
1029 2332 1098 2366 990
1116 2334 1121 2352 τ
1138 2319 1365 2353 Lemovicum
1378 2317 1422 2351 D.
1443 2317 1805 2363 Bouq.L1'nzov1'cum

447 2386 498 2429 (2)
524 2383 582 2418 Sic
614 2383 719 2417 Pertz
748 2393 829 2416 cum
860 2379 967 2415 codd.
1000 2379 1183 2414 Frelierus
1210 2385 1246 2413 et
1278 2378 1321 2412 D.
1355 2378 1468 2424 Bouq.
1502 2378 1524 2410 ι’.
1557 2389 1696 2410 summa
1728 2389 1812 2420 μενκ

405 2445 511 2477 uenit.

450 2502 499 2548 (3)
524 2502 616 2537 Cod.
633 2502 843 2537 Hannover.
866 2500 1006 2534 eadem.

450 2564 499 2606 (4)
525 2561 642 2596 Codd.
663 2561 895 2605 sollempnia,
920 2559 1125 2593 sollemnia.
1147 2558 1188 2592 D.
1212 2557 1326 2602 Bouq.
1350 2556 1612 2590 solennitatettz.

452 2620 502 2665 af»)
528 2621 619 2655 (lod.
642 2622 850 2655 Hannovcr.
875 2622 982 2654 νεκρὰ.

454 2680 501 2723 (6)
522 2680 623 2713 Perta
648 2695 651 2711 ·.
680 2679 919 2713 Lcmawicam.
