1924 3183
408 190 485 227 256
988 190 1239 228 KAROLUS.

407 285 568 338 gatum
592 273 799 332 obsedit,
831 285 876 322 et
903 277 951 321 in
975 275 1267 324 deditionem
1294 279 1502 342 accepit,
1539 291 1822 348 captumque

408 352 668 400 honorifice
720 352 902 400 habuit.
963 356 1228 418 Imperator
1274 355 1559 421 Aquisgrani
1609 358 1822 407 Natalem

409 431 603 478 Domini
640 431 911 479 celebravit.

995 882 1237 930 DCCCIII.

474 993 570 1037 Hac
594 990 747 1037 hieme
772 991 894 1036 circa
921 992 1076 1054 ipsum
1100 991 1328 1055 palatium
1352 1003 1399 1038 et
1421 991 1645 1038 finitimas
1671 992 1822 1056 regio-

404 1087 486 1117 nes
511 1080 650 1116 terrae
686 1078 842 1115 motus
879 1067 1058 1127 factus,
1095 1078 1142 1115 et
1173 1068 1436 1115 mortalitas
1459 1069 1702 1116 subsecuta
1733 1080 1819 1115 est..

404 1148 674 1212 Winigisus
694 1165 717 1192 a
738 1145 1017 1193 Grimoaldo
1034 1147 1102 1209 (1)
1123 1146 1332 1193 redditus
1353 1157 1438 1204 est,
1461 1157 1507 1193 et
1525 1147 1651 1192 missi
1673 1147 1823 1210 impe-

403 1224 575 1270 ratoris
598 1223 655 1269 de
680 1223 1100 1286 Constantinopoli
1129 1223 1301 1270 reversi
1334 1233 1477 1282 sunt,
1511 1236 1558 1270 et
1588 1234 1823 1270 venerunt

405 1318 513 1345 cum
536 1299 600 1347 eis
623 1299 762 1364 legati
788 1297 993 1345 Nicifori
1021 1299 1343 1363 imperatoris,
1371 1300 1453 1365 qui
1487 1310 1601 1346 tunc
1624 1317 1822 1363 rempu-

402 1378 576 1425 blicam
590 1377 783 1443 regebat
795 1406 859 1413 —-
869 1395 980 1423 nam
995 1377 1228 1424 Herenam
1239 1388 1345 1442 post
1360 1377 1616 1425 adventum
1628 1377 1822 1442 legatio-

404 1457 478 1503 nis
495 1456 735 1502 Franoieae
755 1455 1078 1518 deposuerunt
1095 1484 1160 1491 —-
1183 1473 1393 1520 quorum
1411 1457 1605 1503 nomina
1627 1455 1824 1503 fuerunt

404 1532 606 1579 Michael
620 1533 686 1595 (2)
706 1532 971 1596 episcopus,
990 1533 1156 1578 Petrus
1172 1531 1313 1578 abbas
1332 1542 1378 1579 et
1393 1532 1592 1579 Calistus
1611 1531 1825 1578 candida—

405 1620 498 1655 tus.
524 1609 616 1668 Qui
640 1619 877 1655 venerunt
899 1608 956 1654 ad
977 1609 1314 1672 imperatorem
1337 1608 1386 1653 in
1407 1607 1659 1655 Germania
1684 1624 1824 1672 super

406 1687 605 1732 fluvium
629 1686 731 1731 Sala
746 1722 760 1744 ‚
784 1687 832 1731 in
859 1685 967 1732 loeo
986 1689 1069 1750 qui
1094 1685 1270 1731 dicitur
1293 1685 1417 1731 Saltz
1441 1685 1535 1747 (3),
1562 1696 1608 1732 et
1630 1694 1821 1749 pactum

404 1764 627 1811 faciendae
647 1763 773 1827 pacis
797 1763 845 1808 in
871 1763 1049 1827 scripto
1073 1772 1397 1827 susceperunt.
1426 1764 1488 1809 Et
1511 1762 1619 1809 inde
1640 1761 1817 1808 dimissi

407 1858 515 1886 eum
533 1839 728 1904 epistola
750 1839 1073 1903 imperatoris,
1096 1840 1300 1885 Romam
1317 1839 1513 1903 regressi
1532 1848 1673 1903 atque
1692 1839 1822 1884 Con-

406 1917 769 1981 stantinopolim
788 1918 961 1964 reversi
981 1927 1108 1963 sunt.
1131 1918 1394 1980 Imperator
1413 1927 1569 1963 autem
1590 1916 1637 1962 in
1658 1917 1822 1979 Bajoa-

406 1997 526 2042 riam
542 1995 806 2059 profectuS,
824 1995 1061 2059 dispositis
1080 1995 1431 2040 Pannoniarum
1453 1994 1617 2049 causis,
1639 1992 1822 2040 decem—

404 2074 515 2120 brio
538 2091 697 2120 mense
727 2073 1017 2137 Aquasgrani
1049 2090 1261 2120 reversus
1292 2082 1391 2129 est,
1422 2070 1582 2136 ibique
1610 2071 1821 2118 Natalem

406 2152 603 2200 Domini
629 2149 901 2197 celebravit.

452 2357 501 2400 (1)
527 2354 583 2389 Al.
608 2353 810 2388 Grimoldo.

452 2416 501 2458 (2)
528 2414 585 2448 Al.
606 2412 804 2447 ffllz'clzalzel.

450 2474 498 2518 (3)
526 2474 595 2509 All.
623 2474 739 2513 Salzt,
765 2473 891 2508 Sallzt.
