2043 3193
477 144 526 181 22
808 139 931 177 VITA
961 139 1151 177 KAROLI
1183 137 1546 176 IMPERATORIS.

475 219 756 284 praefectum
769 253 782 274 ‚
809 236 882 264 res
899 235 1042 265 novas
1063 217 1339 264 molientem
1356 216 1648 279 opprimeret
1663 251 1677 274 ‚
1705 227 1876 264 totam-

474 313 567 361 que
583 295 763 342 ltaliam
787 313 882 342 suae
900 295 1071 342 ditioni
1089 293 1385 358 subjugaret,
1409 292 1709 359 subactaeque
1725 292 1879 340 filium

475 391 612 419 suum
650 373 906 437 Pippinum
939 391 1095 437 regem
1135 372 1419 435 imponeret.
1458 371 1639 418 Italiam
1679 371 1876 418 intranti

472 467 614 514 quam
650 449 858 496 difficilis
893 449 1086 512 Alpium
1124 448 1348 493 transitus
1381 447 1527 493 fuerit
1548 482 1562 504 ,
1602 459 1879 513 quantoque

473 527 768 573 Francorum
799 526 960 573 labore
986 525 1108 571 invia
1141 525 1382 571 montium
1407 527 1516 589 juga
1546 534 1592 570 et
1618 525 1880 571 eminentes

475 606 524 651 in
549 604 727 650 coelum
751 604 931 668 scopuli
955 614 1097 667 atque
1119 620 1291 667 asperae
1319 612 1474 649 cautes
1497 612 1727 666 superatae
1752 603 1847 648 sint
1863 637 1876 658 ‚

474 681 688 729 hocloco
704 680 1017 728 describerem
1034 680 1125 744 (1),
1143 681 1232 726 nisi
1249 680 1358 726 vitae
1376 680 1499 726 illius
1513 680 1708 727 modum
1723 679 1882 744 potius

473 775 616 822 quarn
633 757 870 805 bellorum
887 775 994 822 quae
1018 757 1157 821 gessit
1179 767 1373 804 eventus
1397 753 1641 804 memoriae
1660 757 1882 804 mandare

475 836 698 898 praesenti
726 852 867 899 opere
892 835 1053 881 animo
1073 845 1190 882 esset
1215 835 1529 899 propositum.
1563 836 1692 881 Finis
1722 846 1880 881 tamen

477 911 613 975 hujus
636 911 749 958 belli
770 912 861 958 fuit
884 912 1072 959 subacta
1098 913 1227 958 Italia
1245 948 1259 972 ,
1292 923 1338 959 et
1369 931 1451 960 rex
1484 913 1750 960 Desiderius
1778 931 1884 976 per-

477 999 624 1052 petuo
643 989 784 1036 exilio
809 989 1084 1051 deportatus
1100 1025 1112 1046 ,
1151 1000 1198 1036 et
1225 990 1349 1036 filius
1373 992 1469 1054 ejus
1491 989 1732 1054 Adalgisus
1756 990 1884 1036 Italia

477 1066 637 1128 pulsus
654 1103 668 1124 ‚
696 1078 741 1113 et
765 1085 838 1114 res
862 1086 885 1113 a
910 1066 1333 1132 Langobardorum
1360 1068 1430 1132 (2)
1455 1067 1644 1132 regibus
1674 1077 1848 1131 ereptae
1872 1105 1884 1127 ,

477 1141 688 1192 Adriano
715 1143 807 1208 (ὅ),
834 1146 1062 1191 Romanae
1082 1143 1287 1192 ecclesiae
1311 1144 1515 1201 rectori,
1537 1144 1785 1191 restitutae.

547 1683 649 1730 Vll.
689 1684 798 1730 Post
823 1685 891 1747 (4)
915 1685 1045 1746 cujus
1075 1683 1219 1730 finem
1255 1684 1564 1740 Saxonicum,
1599 1683 1729 1748 quod
1756 1686 1887 1748 quasi

485 1760 805 1807 intermissum
843 1758 1108 1817 videbatur,
1145 1760 1402 1823 repetitum
1432 1770 1529 1816 est5
1570 1777 1666 1823 quo
1702 1759 1890 1806 nullum

484 1854 638 1900 neque
650 1837 897 1899 proliinS,
922 1855 1074 1901 neque
1092 1838 1297 1884 atrocius
1310 1837 1695 1902 Francorumque
1708 1837 1888 1901 populo

483 1913 763 1960 laboriosius
786 1925 1053 1978 susceptum
1072 1925 1164 1971 est,
1191 1915 1299 1980 quia
1325 1915 1551 1970 Saxones,
1579 1915 1699 1960 sicut
1723 1932 1887 1962 omnes

481 1991 580 2038 fere
617 1992 919 2038 Germaniam
955 1992 1212 2039 incolentes
1250 1992 1490 2048 nationes,
1528 2002 1574 2038 et
1612 2002 1777 2038 natura
1811 1991 1886 2039 fe—

482 2087 616 2120 roces
632 2106 642 2126 ‚
669 2079 713 2116 et
734 2069 880 2116 cultui
900 2069 1173 2116 daemonum
1191 2069 1358 2127 dediti,
1379 2080 1650 2134 nostraeque
1665 2069 1882 2134 religioni

484 2147 708 2193 contrarii
733 2182 745 2202 ‚
788 2164 940 2211 neque
972 2147 1128 2193 (lirina
1168 2165 1321 2211 neque
1351 2146 1554 2193 humana
1579 2148 1687 2210 Ju-ra
1716 2147 1782 2210 (5)
1811 2147 1885 2193 vel

526 2273 577 2316 (1)
596 2271 687 2306 Cod.
709 2271 910 2305 Florentin.
933 2287 938 2304 :
959 2271 1204 2306 discriberem.

524 2332 576 2374 (2)
591 2330 649 2365 Al.
668 2330 1011 2377 Longobardorum.

525 2388 575 2435 (5)
602 2388 762 2423 Nuenar.
789 2389 890 2423 Com
913 2396 950 2423 et
973 2389 1184 2436 Marquard.
1209 2389 1410 2433 Freherus,
1432 2402 1513 2424 cum
1539 2388 1644 2423 codd.
1670 2388 1881 2424 Vindobon.

478 2447 547 2489 654
566 2454 600 2482 et
620 2447 710 2492 Reg.
733 2448 847 2482 Paris.
870 2449 960 2495 4955
981 2464 987 2483 :
1008 2447 1211 2483 Hadriano.

525 2508 574 2551 (4)
599 2507 655 2542 Cs.
681 2507 808 2541 chron.
834 2507 869 2541 S.
899 2508 1052 2554 Benigni
1080 2509 1289 2545 Divionens.
1324 2509 1516 2556 fragment.
1542 2520 1600 2554 ap.
1625 2508 1668 2542 D.
1691 2507 1878 2556 Bouquet,

479 2573 505 2600 t.
532 2566 575 2606 V,
597 2578 630 2610 p.
649 2578 688 2611 9¹
703 2592 711 2606 ,
728 2572 804 2599 not.
827 2578 855 2598 c.

526 2626 576 2669 ¹5}
593 2624 649 2658 Cs.
670 2624 796 2659 chron.
818 2625 853 2659 5.
873 2625 1048 2672 Benigni,
1071 2625 1159 2660 ibid.
1189 2639 1223 2672 1).
1241 2639 1298 2673 91,
1320 2626 1440 2672 nobs}
