<?xml version="1.0" encoding="UTF-8"?>
<!DOCTYPE html PUBLIC "-//W3C//DTD XHTML 1.0 Transitional//EN"
    "http://www.w3.org/TR/xhtml1/DTD/xhtml1-transitional.dtd">
<html xmlns="http://www.w3.org/1999/xhtml" xml:lang="en" lang="en">
 <head>
  <title>
</title>
<meta http-equiv="Content-Type" content="text/html;charset=utf-8" />
  <meta name='ocr-system' content='tesseract 3.04.00' />
  <meta name='ocr-capabilities' content='ocr_page ocr_carea ocr_par ocr_line ocrx_word'/>
</head>
<body>
  <div class='ocr_page' id='page_1' title='image "./einhardiomniaqua01einhuoft_0458.png"; bbox 0 0 1924 3183; ppageno 0'>
   <div class='ocr_carea' id='block_1_1' title="bbox 360 167 1261 205">
    <p class='ocr_par' dir='ltr' id='par_1_1' title="bbox 360 167 1261 205">
     <span class='ocr_line' id='line_1_1' title="bbox 360 167 1261 205; baseline -0.002 0"><span class='ocrx_word' id='word_1_1' title='bbox 360 168 437 205; x_wconf 72' lang='lat'>332</span> <span class='ocrx_word' id='word_1_2' title='bbox 890 167 1261 205; x_wconf 82' lang='lat' dir='ltr'>HLUDOVVICUS.</span> 
     </span>
    </p>
   </div>
   <div class='ocr_carea' id='block_1_2' title="bbox 923 293 1225 341">
    <p class='ocr_par' dir='ltr' id='par_1_2' title="bbox 923 293 1225 341">
     <span class='ocr_line' id='line_1_2' title="bbox 923 293 1225 341; baseline 0 -2"><span class='ocrx_word' id='word_1_3' title='bbox 923 293 1225 341; x_wconf 88' lang='lat' dir='ltr'>DCCCXIX.</span> 
     </span>
    </p>
   </div>
   <div class='ocr_carea' id='block_1_3' title="bbox 362 400 1790 2253">
    <p class='ocr_par' dir='ltr' id='par_1_3' title="bbox 362 400 1788 1788">
     <span class='ocr_line' id='line_1_3' title="bbox 428 400 1780 467; baseline 0.002 -20"><span class='ocrx_word' id='word_1_4' title='bbox 428 401 684 457; x_wconf 80' lang='lat' dir='ltr'>sclaomir,</span> <span class='ocrx_word' id='word_1_5' title='bbox 727 400 1077 449; x_wconf 84' lang='lat' dir='ltr'>Abodritorum</span> <span class='ocrx_word' id='word_1_6' title='bbox 1108 420 1221 460; x_wconf 87' lang='lat' dir='ltr'>rex,</span> <span class='ocrx_word' id='word_1_7' title='bbox 1265 402 1329 449; x_wconf 87' lang='lat' dir='ltr'>ob</span> <span class='ocrx_word' id='word_1_8' title='bbox 1365 404 1495 466; x_wconf 87' lang='lat' dir='ltr'>cujus</span> <span class='ocrx_word' id='word_1_9' title='bbox 1535 403 1780 467; x_wconf 86' lang='lat' dir='ltr'>perfidiam</span> 
     </span>
     <span class='ocr_line' id='line_1_4' title="bbox 362 478 1782 528; baseline 0.001 -2"><span class='ocrx_word' id='word_1_10' title='bbox 362 478 680 526; x_wconf 83' lang='lat' dir='ltr'>ulciscendam</span> <span class='ocrx_word' id='word_1_11' title='bbox 706 480 939 527; x_wconf 82' lang='lat' dir='ltr'>exercitus</span> <span class='ocrx_word' id='word_1_12' title='bbox 965 481 1208 527; x_wconf 83' lang='lat' dir='ltr'>Saxonum</span> <span class='ocrx_word' id='word_1_13' title='bbox 1235 490 1280 528; x_wconf 88' lang='lat' dir='ltr'>et</span> <span class='ocrx_word' id='word_1_14' title='bbox 1308 481 1613 528; x_wconf 84' lang='lat' dir='ltr'>orientalium</span> <span class='ocrx_word' id='word_1_15' title='bbox 1638 483 1782 528; x_wconf 86' lang='lat' dir='ltr'>Fran-</span> 
     </span>
     <span class='ocr_line' id='line_1_5' title="bbox 364 556 1784 624; baseline 0.001 -21"><span class='ocrx_word' id='word_1_16' title='bbox 364 574 531 603; x_wconf 80' lang='lat' dir='ltr'>corum</span> <span class='ocrx_word' id='word_1_17' title='bbox 563 556 729 604; x_wconf 87' lang='lat' dir='ltr'>eodem</span> <span class='ocrx_word' id='word_1_18' title='bbox 761 574 889 605; x_wconf 89' lang='lat' dir='ltr'>anno</span> <span class='ocrx_word' id='word_1_19' title='bbox 920 567 1050 604; x_wconf 84' lang='lat' dir='ltr'>trans</span> <span class='ocrx_word' id='word_1_20' title='bbox 1079 557 1242 604; x_wconf 85' lang='lat' dir='ltr'>Albim</span> <span class='ocrx_word' id='word_1_21' title='bbox 1274 559 1440 605; x_wconf 89' lang='lat' dir='ltr'>missus</span> <span class='ocrx_word' id='word_1_22' title='bbox 1476 559 1664 617; x_wconf 89' lang='lat' dir='ltr'>fuerat,</span> <span class='ocrx_word' id='word_1_23' title='bbox 1698 577 1784 624; x_wconf 84' lang='lat' dir='ltr'>per</span> 
     </span>
     <span class='ocr_line' id='line_1_6' title="bbox 362 634 1782 701; baseline 0.001 -21"><span class='ocrx_word' id='word_1_24' title='bbox 362 634 614 698; x_wconf 68' lang='lat' dir='ltr'><strong>praefectos</strong></span> <span class='ocrx_word' id='word_1_25' title='bbox 643 636 862 683; x_wconf 85' lang='lat' dir='ltr'>Saxonici</span> <span class='ocrx_word' id='word_1_26' title='bbox 893 636 1057 682; x_wconf 88' lang='lat' dir='ltr'>limitis</span> <span class='ocrx_word' id='word_1_27' title='bbox 1088 648 1133 683; x_wconf 92' lang='lat' dir='ltr'>et</span> <span class='ocrx_word' id='word_1_28' title='bbox 1166 636 1342 701; x_wconf 82' lang='lat' dir='ltr'>legatos</span> <span class='ocrx_word' id='word_1_29' title='bbox 1371 637 1670 701; x_wconf 84' lang='lat' dir='ltr'>imperatoris</span> <span class='ocrx_word' id='word_1_30' title='bbox 1700 638 1782 701; x_wconf 85' lang='lat' dir='ltr'>qui</span> 
     </span>
     <span class='ocr_line' id='line_1_7' title="bbox 365 712 1784 779; baseline 0.002 -21"><span class='ocrx_word' id='word_1_31' title='bbox 365 712 592 758; x_wconf 84' lang='lat' dir='ltr'>exercitui</span> <span class='ocrx_word' id='word_1_32' title='bbox 616 723 884 776; x_wconf 71' lang='lat' dir='ltr'><strong>praeerant,</strong></span> <span class='ocrx_word' id='word_1_33' title='bbox 917 713 1208 779; x_wconf 81' lang='lat' dir='ltr'>Aquasgrani</span> <span class='ocrx_word' id='word_1_34' title='bbox 1247 715 1475 761; x_wconf 87' lang='lat' dir='ltr'>adductus</span> <span class='ocrx_word' id='word_1_35' title='bbox 1512 725 1596 762; x_wconf 88' lang='lat' dir='ltr'>est.</span> <span class='ocrx_word' id='word_1_36' title='bbox 1632 714 1784 774; x_wconf 84' lang='lat' dir='ltr'>Quem</span> 
     </span>
     <span class='ocr_line' id='line_1_8' title="bbox 364 791 1780 857; baseline 0.002 -22"><span class='ocrx_word' id='word_1_37' title='bbox 364 808 474 836; x_wconf 89' lang='lat' dir='ltr'>cum</span> <span class='ocrx_word' id='word_1_38' title='bbox 503 791 738 854; x_wconf 88' lang='lat' dir='ltr'>primores</span> <span class='ocrx_word' id='word_1_39' title='bbox 762 791 928 855; x_wconf 89' lang='lat' dir='ltr'>populi</span> <span class='ocrx_word' id='word_1_40' title='bbox 963 793 1061 852; x_wconf 79' lang='lat' dir='ltr'>sui,</span> <span class='ocrx_word' id='word_1_41' title='bbox 1095 793 1178 857; x_wconf 87' lang='lat' dir='ltr'>qui</span> <span class='ocrx_word' id='word_1_42' title='bbox 1213 793 1354 838; x_wconf 86' lang='lat' dir='ltr'>simul</span> <span class='ocrx_word' id='word_1_43' title='bbox 1377 793 1490 857; x_wconf 89' lang='lat' dir='ltr'>jussi</span> <span class='ocrx_word' id='word_1_44' title='bbox 1525 803 1780 849; x_wconf 84' lang='lat' dir='ltr'>venerant,</span> 
     </span>
     <span class='ocr_line' id='line_1_9' title="bbox 364 867 1786 929; baseline 0.001 -17"><span class='ocrx_word' id='word_1_45' title='bbox 364 867 526 913; x_wconf 82' lang='lat' dir='ltr'>multis</span> <span class='ocrx_word' id='word_1_46' title='bbox 547 867 830 913; x_wconf 81' lang='lat' dir='ltr'>criminibus</span> <span class='ocrx_word' id='word_1_47' title='bbox 849 879 1122 916; x_wconf 79' lang='lat' dir='ltr'>accusarent</span> <span class='ocrx_word' id='word_1_48' title='bbox 1137 907 1148 929; x_wconf 84' lang='lat'>,</span> <span class='ocrx_word' id='word_1_49' title='bbox 1170 880 1217 916; x_wconf 91' lang='lat' dir='ltr'>et</span> <span class='ocrx_word' id='word_1_50' title='bbox 1240 869 1319 916; x_wconf 90' lang='lat' dir='ltr'>ille</span> <span class='ocrx_word' id='word_1_51' title='bbox 1336 867 1609 916; x_wconf 83' lang='lat' dir='ltr'>rationabili</span> <span class='ocrx_word' id='word_1_52' title='bbox 1630 869 1786 916; x_wconf 72' lang='lat' dir='ltr'>deFen·</span> 
     </span>
     <span class='ocr_line' id='line_1_10' title="bbox 365 945 1786 1010; baseline 0.001 -18"><span class='ocrx_word' id='word_1_53' title='bbox 365 946 497 992; x_wconf 87' lang='lat' dir='ltr'>sione</span> <span class='ocrx_word' id='word_1_54' title='bbox 531 945 713 1010; x_wconf 86' lang='lat' dir='ltr'>objecta</span> <span class='ocrx_word' id='word_1_55' title='bbox 752 945 838 992; x_wconf 88' lang='lat' dir='ltr'>sibi</span> <span class='ocrx_word' id='word_1_56' title='bbox 873 946 1089 994; x_wconf 79' lang='lat' dir='ltr'><strong>refellere</strong></span> <span class='ocrx_word' id='word_1_57' title='bbox 1121 964 1222 994; x_wconf 87' lang='lat' dir='ltr'>non</span> <span class='ocrx_word' id='word_1_58' title='bbox 1252 947 1456 1004; x_wconf 84' lang='lat' dir='ltr'>valeret,</span> <span class='ocrx_word' id='word_1_59' title='bbox 1495 948 1637 995; x_wconf 85' lang='lat' dir='ltr'>exilio</span> <span class='ocrx_word' id='word_1_60' title='bbox 1672 964 1786 994; x_wconf 90' lang='lat' dir='ltr'>con-</span> 
     </span>
     <span class='ocr_line' id='line_1_11' title="bbox 365 1022 1785 1088; baseline 0.001 -20"><span class='ocrx_word' id='word_1_61' title='bbox 365 1022 613 1068; x_wconf 85' lang='lat' dir='ltr'>demnatus</span> <span class='ocrx_word' id='word_1_62' title='bbox 637 1033 731 1082; x_wconf 88' lang='lat' dir='ltr'>est,</span> <span class='ocrx_word' id='word_1_63' title='bbox 765 1034 810 1070; x_wconf 89' lang='lat' dir='ltr'>et</span> <span class='ocrx_word' id='word_1_64' title='bbox 835 1040 1035 1088; x_wconf 80' lang='lat' dir='ltr'>regnum</span> <span class='ocrx_word' id='word_1_65' title='bbox 1057 1023 1321 1088; x_wconf 81' lang='lat' dir='ltr'>Ceadrago‚</span> <span class='ocrx_word' id='word_1_66' title='bbox 1346 1024 1633 1071; x_wconf 86' lang='lat' dir='ltr'>Thrasconis</span> <span class='ocrx_word' id='word_1_67' title='bbox 1658 1023 1785 1080; x_wconf 87' lang='lat' dir='ltr'>filio,</span> 
     </span>
     <span class='ocr_line' id='line_1_12' title="bbox 364 1100 1786 1166; baseline 0.001 -21"><span class='ocrx_word' id='word_1_68' title='bbox 364 1100 544 1145; x_wconf 83' lang='lat' dir='ltr'>datum.</span> <span class='ocrx_word' id='word_1_69' title='bbox 581 1100 732 1146; x_wconf 85' lang='lat' dir='ltr'>Simili</span> <span class='ocrx_word' id='word_1_70' title='bbox 763 1100 909 1148; x_wconf 85' lang='lat' dir='ltr'>modo</span> <span class='ocrx_word' id='word_1_71' title='bbox 939 1111 986 1147; x_wconf 85' lang='lat' dir='ltr'>et</span> <span class='ocrx_word' id='word_1_72' title='bbox 1017 1102 1176 1165; x_wconf 86' lang='lat' dir='ltr'>Lupus</span> <span class='ocrx_word' id='word_1_73' title='bbox 1206 1101 1412 1148; x_wconf 87' lang='lat' dir='ltr'>Centulli</span> <span class='ocrx_word' id='word_1_74' title='bbox 1429 1137 1442 1157; x_wconf 91' lang='lat'>‚</span> <span class='ocrx_word' id='word_1_75' title='bbox 1470 1103 1673 1158; x_wconf 81' lang='lat' dir='ltr'>VVasco‚</span> <span class='ocrx_word' id='word_1_76' title='bbox 1703 1102 1786 1166; x_wconf 84' lang='lat' dir='ltr'>qui</span> 
     </span>
     <span class='ocr_line' id='line_1_13' title="bbox 367 1178 1787 1242; baseline 0.003 -20"><span class='ocrx_word' id='word_1_77' title='bbox 367 1194 476 1223; x_wconf 89' lang='lat' dir='ltr'>cum</span> <span class='ocrx_word' id='word_1_78' title='bbox 511 1179 798 1242; x_wconf 83' lang='lat' dir='ltr'>Berengario</span> <span class='ocrx_word' id='word_1_79' title='bbox 827 1178 1016 1225; x_wconf 74' lang='lat' dir='ltr'>Tolosae</span> <span class='ocrx_word' id='word_1_80' title='bbox 1051 1189 1098 1225; x_wconf 87' lang='lat' dir='ltr'>et</span> <span class='ocrx_word' id='word_1_81' title='bbox 1129 1180 1336 1226; x_wconf 77' lang='lat' dir='ltr'>VVarino</span> <span class='ocrx_word' id='word_1_82' title='bbox 1368 1180 1571 1226; x_wconf 85' lang='lat' dir='ltr'>Arverni</span> <span class='ocrx_word' id='word_1_83' title='bbox 1613 1179 1787 1226; x_wconf 81' lang='lat' dir='ltr'>comite</span> 
     </span>
     <span class='ocr_line' id='line_1_14' title="bbox 368 1253 1787 1320; baseline 0.001 -21"><span class='ocrx_word' id='word_1_84' title='bbox 368 1253 533 1300; x_wconf 89' lang='lat' dir='ltr'>eodem</span> <span class='ocrx_word' id='word_1_85' title='bbox 557 1271 685 1301; x_wconf 88' lang='lat' dir='ltr'>anno</span> <span class='ocrx_word' id='word_1_86' title='bbox 715 1253 884 1318; x_wconf 76' lang='lat' dir='ltr'>praelio</span> <span class='ocrx_word' id='word_1_87' title='bbox 910 1254 1153 1312; x_wconf 83' lang='lat' dir='ltr'>conflixit,</span> <span class='ocrx_word' id='word_1_88' title='bbox 1186 1256 1235 1302; x_wconf 93' lang='lat' dir='ltr'>in</span> <span class='ocrx_word' id='word_1_89' title='bbox 1261 1273 1359 1320; x_wconf 88' lang='lat' dir='ltr'>quo</span> <span class='ocrx_word' id='word_1_90' title='bbox 1384 1266 1430 1302; x_wconf 90' lang='lat' dir='ltr'>et</span> <span class='ocrx_word' id='word_1_91' title='bbox 1451 1255 1650 1302; x_wconf 86' lang='lat' dir='ltr'>fratrem</span> <span class='ocrx_word' id='word_1_92' title='bbox 1668 1255 1787 1302; x_wconf 86' lang='lat' dir='ltr'>Gar-</span> 
     </span>
     <span class='ocr_line' id='line_1_15' title="bbox 368 1331 1788 1397; baseline 0.002 -21"><span class='ocrx_word' id='word_1_93' title='bbox 368 1332 568 1376; x_wconf 85' lang='lat' dir='ltr'>sandum</span> <span class='ocrx_word' id='word_1_94' title='bbox 586 1332 654 1395; x_wconf 84' lang='lat'>(1)</span> <span class='ocrx_word' id='word_1_95' title='bbox 671 1331 919 1396; x_wconf 79' lang='lat' dir='ltr'>singularis</span> <span class='ocrx_word' id='word_1_96' title='bbox 942 1333 1162 1380; x_wconf 84' lang='lat' dir='ltr'>amentiae</span> <span class='ocrx_word' id='word_1_97' title='bbox 1189 1331 1433 1380; x_wconf 87' lang='lat' dir='ltr'>hominem</span> <span class='ocrx_word' id='word_1_98' title='bbox 1450 1333 1606 1379; x_wconf 82' lang='lat' dir='ltr'>amisit</span> <span class='ocrx_word' id='word_1_99' title='bbox 1626 1333 1716 1397; x_wconf 82' lang='lat'>(2),</span> <span class='ocrx_word' id='word_1_100' title='bbox 1740 1342 1788 1379; x_wconf 85' lang='lat' dir='ltr'>et</span> 
     </span>
     <span class='ocr_line' id='line_1_16' title="bbox 370 1408 1787 1475; baseline 0.001 -21"><span class='ocrx_word' id='word_1_101' title='bbox 370 1410 466 1472; x_wconf 89' lang='lat' dir='ltr'>ipse</span> <span class='ocrx_word' id='word_1_102' title='bbox 479 1445 493 1466; x_wconf 85' lang='lat'><strong><em>,</em></strong></span> <span class='ocrx_word' id='word_1_103' title='bbox 519 1409 609 1455; x_wconf 90' lang='lat' dir='ltr'>nisi</span> <span class='ocrx_word' id='word_1_104' title='bbox 635 1408 722 1455; x_wconf 81' lang='lat' dir='ltr'>sibi</span> <span class='ocrx_word' id='word_1_105' title='bbox 751 1409 976 1475; x_wconf 83' lang='lat' dir='ltr'>fugiendo</span> <span class='ocrx_word' id='word_1_106' title='bbox 1001 1411 1336 1469; x_wconf 84' lang='lat' dir='ltr'>consuluisset,</span> <span class='ocrx_word' id='word_1_107' title='bbox 1364 1428 1514 1475; x_wconf 87' lang='lat' dir='ltr'>prope</span> <span class='ocrx_word' id='word_1_108' title='bbox 1539 1410 1787 1457; x_wconf 88' lang='lat' dir='ltr'>interitum</span> 
     </span>
     <span class='ocr_line' id='line_1_17' title="bbox 367 1485 1787 1554; baseline 0.002 -22"><span class='ocrx_word' id='word_1_109' title='bbox 367 1485 485 1543; x_wconf 79' lang='lat' dir='ltr'>fuit,</span> <span class='ocrx_word' id='word_1_110' title='bbox 520 1504 629 1533; x_wconf 89' lang='lat' dir='ltr'>cum</span> <span class='ocrx_word' id='word_1_111' title='bbox 659 1488 705 1534; x_wconf 88' lang='lat' dir='ltr'>in</span> <span class='ocrx_word' id='word_1_112' title='bbox 741 1500 1049 1552; x_wconf 84' lang='lat' dir='ltr'>conspectum</span> <span class='ocrx_word' id='word_1_113' title='bbox 1075 1490 1372 1554; x_wconf 84' lang='lat' dir='ltr'>imperatoris</span> <span class='ocrx_word' id='word_1_114' title='bbox 1400 1491 1627 1546; x_wconf 82' lang='lat' dir='ltr'>venisset,</span> <span class='ocrx_word' id='word_1_115' title='bbox 1654 1507 1706 1535; x_wconf 89' lang='lat' dir='ltr'>ac</span> <span class='ocrx_word' id='word_1_116' title='bbox 1730 1488 1787 1535; x_wconf 88' lang='lat' dir='ltr'>de</span> 
     </span>
     <span class='ocr_line' id='line_1_18' title="bbox 368 1564 1785 1631; baseline 0.003 -21"><span class='ocrx_word' id='word_1_117' title='bbox 368 1564 591 1628; x_wconf 85' lang='lat' dir='ltr'>perfidia,</span> <span class='ocrx_word' id='word_1_118' title='bbox 635 1568 766 1630; x_wconf 87' lang='lat' dir='ltr'>cujus</span> <span class='ocrx_word' id='word_1_119' title='bbox 805 1584 828 1612; x_wconf 85' lang='lat' dir='ltr'>a</span> <span class='ocrx_word' id='word_1_120' title='bbox 868 1568 1142 1614; x_wconf 88' lang='lat' dir='ltr'>memoratis</span> <span class='ocrx_word' id='word_1_121' title='bbox 1183 1567 1439 1615; x_wconf 86' lang='lat' dir='ltr'>comitibus</span> <span class='ocrx_word' id='word_1_122' title='bbox 1479 1568 1685 1614; x_wconf 83' lang='lat' dir='ltr'>immane-</span> <span class='ocrx_word' id='word_1_123' title='bbox 1713 1568 1785 1631; x_wconf 80' lang='lat'>(5)</span> 
     </span>
     <span class='ocr_line' id='line_1_19' title="bbox 369 1642 1788 1710; baseline 0.004 -23"><span class='ocrx_word' id='word_1_124' title='bbox 369 1642 691 1700; x_wconf 84' lang='lat' dir='ltr'>accusabatur,</span> <span class='ocrx_word' id='word_1_125' title='bbox 717 1662 763 1691; x_wconf 89' lang='lat' dir='ltr'>se</span> <span class='ocrx_word' id='word_1_126' title='bbox 786 1663 988 1710; x_wconf 80' lang='lat' dir='ltr'>purgare</span> <span class='ocrx_word' id='word_1_127' title='bbox 1014 1663 1115 1693; x_wconf 86' lang='lat' dir='ltr'>non</span> <span class='ocrx_word' id='word_1_128' title='bbox 1141 1647 1393 1710; x_wconf 83' lang='lat' dir='ltr'>potuisset,</span> <span class='ocrx_word' id='word_1_129' title='bbox 1416 1656 1462 1693; x_wconf 93' lang='lat' dir='ltr'>et</span> <span class='ocrx_word' id='word_1_130' title='bbox 1483 1646 1579 1709; x_wconf 83' lang='lat' dir='ltr'>ipse</span> <span class='ocrx_word' id='word_1_131' title='bbox 1604 1656 1788 1710; x_wconf 89' lang='lat' dir='ltr'>tempo·</span> 
     </span>
     <span class='ocr_line' id='line_1_20' title="bbox 371 1720 1125 1788; baseline 0.007 -23"><span class='ocrx_word' id='word_1_132' title='bbox 371 1720 454 1766; x_wconf 79' lang='lat' dir='ltr'>rali</span> <span class='ocrx_word' id='word_1_133' title='bbox 483 1721 626 1768; x_wconf 80' lang='lat' dir='ltr'>exilio</span> <span class='ocrx_word' id='word_1_134' title='bbox 651 1732 719 1769; x_wconf 88' lang='lat' dir='ltr'>est</span> <span class='ocrx_word' id='word_1_135' title='bbox 742 1722 1017 1787; x_wconf 84' lang='lat' dir='ltr'>deportatus</span> <span class='ocrx_word' id='word_1_136' title='bbox 1043 1726 1125 1788; x_wconf 76' lang='grc'>(4).</span> 
     </span>
    </p>

    <p class='ocr_par' dir='ltr' id='par_1_4' title="bbox 371 1798 1790 2253">
     <span class='ocr_line' id='line_1_21' title="bbox 435 1798 1789 1866; baseline 0 -20"><span class='ocrx_word' id='word_1_137' title='bbox 435 1798 712 1847; x_wconf 87' lang='lat' dir='ltr'>Conventus</span> <span class='ocrx_word' id='word_1_138' title='bbox 748 1801 1033 1866; x_wconf 78' lang='lat' dir='ltr'>Aquisgrani</span> <span class='ocrx_word' id='word_1_139' title='bbox 1076 1813 1183 1866; x_wconf 86' lang='lat' dir='ltr'>post</span> <span class='ocrx_word' id='word_1_140' title='bbox 1222 1801 1441 1849; x_wconf 85' lang='lat' dir='ltr'>Natalem</span> <span class='ocrx_word' id='word_1_141' title='bbox 1475 1800 1668 1848; x_wconf 88' lang='lat' dir='ltr'>Domini</span> <span class='ocrx_word' id='word_1_142' title='bbox 1702 1799 1789 1846; x_wconf 90' lang='lat' dir='ltr'>ha—</span> 
     </span>
     <span class='ocr_line' id='line_1_22' title="bbox 371 1874 1789 1942; baseline 0.002 -22"><span class='ocrx_word' id='word_1_143' title='bbox 371 1874 530 1933; x_wconf 87' lang='lat' dir='ltr'>bitus,</span> <span class='ocrx_word' id='word_1_144' title='bbox 576 1876 625 1921; x_wconf 88' lang='lat' dir='ltr'>in</span> <span class='ocrx_word' id='word_1_145' title='bbox 669 1893 767 1942; x_wconf 88' lang='lat' dir='ltr'>quo</span> <span class='ocrx_word' id='word_1_146' title='bbox 807 1877 955 1924; x_wconf 87' lang='lat' dir='ltr'>multa</span> <span class='ocrx_word' id='word_1_147' title='bbox 997 1877 1055 1925; x_wconf 86' lang='lat' dir='ltr'>de</span> <span class='ocrx_word' id='word_1_148' title='bbox 1096 1888 1221 1925; x_wconf 85' lang='lat' dir='ltr'>statu</span> <span class='ocrx_word' id='word_1_149' title='bbox 1260 1879 1560 1925; x_wconf 87' lang='lat' dir='ltr'>ecclesiarum</span> <span class='ocrx_word' id='word_1_150' title='bbox 1595 1888 1642 1924; x_wconf 89' lang='lat' dir='ltr'>et</span> <span class='ocrx_word' id='word_1_151' title='bbox 1679 1893 1789 1923; x_wconf 90' lang='lat' dir='ltr'>mo-</span> 
     </span>
     <span class='ocr_line' id='line_1_23' title="bbox 371 1954 1789 2021; baseline 0.001 -23"><span class='ocrx_word' id='word_1_152' title='bbox 371 1954 691 2000; x_wconf 84' lang='lat' dir='ltr'>nasteriorum</span> <span class='ocrx_word' id='word_1_153' title='bbox 736 1966 931 2002; x_wconf 86' lang='lat' dir='ltr'>tractata</span> <span class='ocrx_word' id='word_1_154' title='bbox 974 1967 1115 2021; x_wconf 85' lang='lat' dir='ltr'>atque</span> <span class='ocrx_word' id='word_1_155' title='bbox 1161 1956 1375 2003; x_wconf 82' lang='lat' dir='ltr'>ordinata</span> <span class='ocrx_word' id='word_1_156' title='bbox 1419 1965 1531 2001; x_wconf 88' lang='lat' dir='ltr'>sunt</span> <span class='ocrx_word' id='word_1_157' title='bbox 1550 1991 1561 2011; x_wconf 78' lang='grc'>,</span> <span class='ocrx_word' id='word_1_158' title='bbox 1608 1954 1789 2018; x_wconf 82' lang='lat' dir='ltr'>legibus</span> 
     </span>
     <span class='ocr_line' id='line_1_24' title="bbox 372 2031 1787 2098; baseline 0.001 -21"><span class='ocrx_word' id='word_1_159' title='bbox 372 2031 513 2077; x_wconf 88' lang='lat' dir='ltr'>etiam</span> <span class='ocrx_word' id='word_1_160' title='bbox 548 2032 751 2095; x_wconf 90' lang='lat' dir='ltr'>capitula</span> <span class='ocrx_word' id='word_1_161' title='bbox 781 2033 998 2098; x_wconf 81' lang='lat' dir='ltr'>quaedam</span> <span class='ocrx_word' id='word_1_162' title='bbox 1029 2034 1400 2097; x_wconf 81' lang='lat' dir='ltr'>pernecessaria,</span> <span class='ocrx_word' id='word_1_163' title='bbox 1435 2032 1545 2096; x_wconf 85' lang='lat' dir='ltr'>quia</span> <span class='ocrx_word' id='word_1_164' title='bbox 1569 2031 1787 2090; x_wconf 85' lang='lat' dir='ltr'>deerant,</span> 
     </span>
     <span class='ocr_line' id='line_1_25' title="bbox 373 2110 1788 2175; baseline 0.002 -21"><span class='ocrx_word' id='word_1_165' title='bbox 373 2110 638 2173; x_wconf 86' lang='lat' dir='ltr'>conscripta</span> <span class='ocrx_word' id='word_1_166' title='bbox 657 2120 799 2175; x_wconf 85' lang='lat' dir='ltr'>atque</span> <span class='ocrx_word' id='word_1_167' title='bbox 823 2111 978 2158; x_wconf 80' lang='lat' dir='ltr'>addita</span> <span class='ocrx_word' id='word_1_168' title='bbox 998 2123 1126 2158; x_wconf 86' lang='lat' dir='ltr'>sunt.</span> <span class='ocrx_word' id='word_1_169' title='bbox 1152 2112 1259 2172; x_wconf 88' lang='lat' dir='ltr'>Quo</span> <span class='ocrx_word' id='word_1_170' title='bbox 1279 2122 1488 2175; x_wconf 83' lang='lat' dir='ltr'>peracto,</span> <span class='ocrx_word' id='word_1_171' title='bbox 1511 2111 1788 2174; x_wconf 85' lang='lat' dir='ltr'>imperator,</span> 
     </span>
     <span class='ocr_line' id='line_1_26' title="bbox 373 2188 1790 2253; baseline 0.002 -22"><span class='ocrx_word' id='word_1_172' title='bbox 373 2188 594 2251; x_wconf 87' lang='lat' dir='ltr'>inspectis</span> <span class='ocrx_word' id='word_1_173' title='bbox 646 2188 885 2253; x_wconf 86' lang='lat' dir='ltr'>plerisque</span> <span class='ocrx_word' id='word_1_174' title='bbox 944 2189 1182 2236; x_wconf 85' lang='lat' dir='ltr'>nobilium</span> <span class='ocrx_word' id='word_1_175' title='bbox 1230 2189 1412 2235; x_wconf 84' lang='lat' dir='ltr'>filiabus</span> <span class='ocrx_word' id='word_1_176' title='bbox 1430 2225 1442 2245; x_wconf 82' lang='lat'><em>,</em></span> <span class='ocrx_word' id='word_1_177' title='bbox 1500 2188 1669 2251; x_wconf 89' lang='lat' dir='ltr'>Huelpi</span> <span class='ocrx_word' id='word_1_178' title='bbox 1717 2188 1790 2251; x_wconf 84' lang='lat'>(5)</span> 
     </span>
    </p>
   </div>
   <div class='ocr_carea' id='block_1_4' title="bbox 420 2388 1589 2616">
    <p class='ocr_par' dir='ltr' id='par_1_5' title="bbox 420 2388 1156 2434">
     <span class='ocr_line' id='line_1_27' title="bbox 420 2388 1156 2434; baseline 0.005 -12"><span class='ocrx_word' id='word_1_179' title='bbox 420 2391 469 2434; x_wconf 84' lang='lat'>(1)</span> <span class='ocrx_word' id='word_1_180' title='bbox 495 2388 567 2423; x_wconf 83' lang='lat' dir='ltr'>All.</span> <span class='ocrx_word' id='word_1_181' title='bbox 591 2390 878 2434; x_wconf 77' lang='lat' dir='ltr'>Garulumdzmz,</span> <span class='ocrx_word' id='word_1_182' title='bbox 907 2392 1156 2427; x_wconf 76' lang='lat' dir='ltr'>Garlmrdum.</span> 
     </span>
    </p>

    <p class='ocr_par' dir='ltr' id='par_1_6' title="bbox 421 2448 1301 2496">
     <span class='ocr_line' id='line_1_28' title="bbox 421 2448 1301 2496; baseline 0.003 -15"><span class='ocrx_word' id='word_1_183' title='bbox 421 2449 470 2493; x_wconf 74' lang='lat'>(2)</span> <span class='ocrx_word' id='word_1_184' title='bbox 495 2448 540 2482; x_wconf 89' lang='lat' dir='ltr'>D.</span> <span class='ocrx_word' id='word_1_185' title='bbox 562 2448 676 2495; x_wconf 85' lang='lat' dir='ltr'>Bouq.</span> <span class='ocrx_word' id='word_1_186' title='bbox 694 2462 777 2484; x_wconf 86' lang='lat' dir='ltr'>cum</span> <span class='ocrx_word' id='word_1_187' title='bbox 798 2450 917 2485; x_wconf 74' lang='lat' dir='ltr'>Nuen.</span> <span class='ocrx_word' id='word_1_188' title='bbox 936 2451 1113 2485; x_wconf 76' lang='lat' dir='ltr'>hominem</span> <span class='ocrx_word' id='word_1_189' title='bbox 1129 2450 1301 2496; x_wconf 58' lang='lat' dir='ltr'>perdidit</span> 
     </span>
    </p>

    <p class='ocr_par' dir='ltr' id='par_1_7' title="bbox 422 2507 1589 2616">
     <span class='ocr_line' id='line_1_29' title="bbox 422 2507 1589 2557; baseline -0.002 -16"><span class='ocrx_word' id='word_1_190' title='bbox 422 2507 473 2551; x_wconf 76' lang='grc'>(5)</span> <span class='ocrx_word' id='word_1_191' title='bbox 500 2508 666 2543; x_wconf 65' lang='lat' dir='ltr'>Immune</span> <span class='ocrx_word' id='word_1_192' title='bbox 685 2508 786 2544; x_wconf 84' lang='lat' dir='ltr'>deest</span> <span class='ocrx_word' id='word_1_193' title='bbox 803 2522 860 2556; x_wconf 84' lang='lat' dir='ltr'>ap.</span> <span class='ocrx_word' id='word_1_194' title='bbox 885 2511 926 2545; x_wconf 84' lang='lat' dir='ltr'>D.</span> <span class='ocrx_word' id='word_1_195' title='bbox 950 2511 1065 2557; x_wconf 84' lang='lat' dir='ltr'>Bouq.</span> <span class='ocrx_word' id='word_1_196' title='bbox 1089 2532 1129 2535; x_wconf 86' lang='lat'><strong>—</strong></span> <span class='ocrx_word' id='word_1_197' title='bbox 1146 2510 1351 2545; x_wconf 81' lang='lat' dir='ltr'>Freherns:</span> <span class='ocrx_word' id='word_1_198' title='bbox 1375 2511 1589 2543; x_wconf 72' lang='lat' dir='ltr'>inmzam&#39;ler.</span> 
     </span>
     <span class='ocr_line' id='line_1_30' title="bbox 424 2568 1467 2616; baseline -0.006 -9"><span class='ocrx_word' id='word_1_199' title='bbox 424 2569 471 2612; x_wconf 64' lang='lat' dir='ltr'>si)</span> <span class='ocrx_word' id='word_1_200' title='bbox 499 2568 539 2601; x_wconf 82' lang='lat' dir='ltr'>D.</span> <span class='ocrx_word' id='word_1_201' title='bbox 563 2569 674 2616; x_wconf 76' lang='lat' dir='ltr'>Bouq.</span> <span class='ocrx_word' id='word_1_202' title='bbox 697 2582 779 2604; x_wconf 80' lang='lat' dir='ltr'>cum</span> <span class='ocrx_word' id='word_1_203' title='bbox 801 2571 918 2605; x_wconf 66' lang='lat' dir='ltr'>Nucn.</span> <span class='ocrx_word' id='word_1_204' title='bbox 940 2572 1072 2605; x_wconf 79' lang='lat' dir='ltr'>comite</span> <span class='ocrx_word' id='word_1_205' title='bbox 1091 2587 1095 2590; x_wconf 56' lang='lat'>²</span> <span class='ocrx_word' id='word_1_206' title='bbox 1118 2572 1226 2605; x_wconf 61' lang='lat' dir='ltr'>afilia</span> <span class='ocrx_word' id='word_1_207' title='bbox 1242 2570 1467 2614; x_wconf 57' lang='lat' dir='ltr'>deportatus:</span> 
     </span>
    </p>
   </div>
   <div class='ocr_carea' id='block_1_5' title="bbox 385 2624 1787 2719">
    <p class='ocr_par' dir='ltr' id='par_1_8' title="bbox 385 2624 1787 2719">
     <span class='ocr_line' id='line_1_31' title="bbox 425 2624 1787 2675; baseline 0 -17"><span class='ocrx_word' id='word_1_208' title='bbox 425 2624 471 2669; x_wconf 56' lang='lat'>(53)</span> <span class='ocrx_word' id='word_1_209' title='bbox 504 2627 552 2659; x_wconf 66' lang='lat' dir='ltr'>lla</span> <span class='ocrx_word' id='word_1_210' title='bbox 578 2627 664 2671; x_wconf 55' lang='lat' dir='ltr'>legit</span> <span class='ocrx_word' id='word_1_211' title='bbox 686 2628 809 2671; x_wconf 72' lang='grc' dir='ltr'>ΡοιἸΖ,</span> <span class='ocrx_word' id='word_1_212' title='bbox 832 2642 913 2663; x_wconf 69' lang='lat' dir='ltr'>culn</span> <span class='ocrx_word' id='word_1_213' title='bbox 937 2630 1081 2675; x_wconf 70' lang='lat' dir='ltr'>plcrisq.</span> <span class='ocrx_word' id='word_1_214' title='bbox 1104 2629 1194 2663; x_wconf 68' lang='lat' dir='ltr'>(odd</span> <span class='ocrx_word' id='word_1_215' title='bbox 1235 2650 1276 2654; x_wconf 40' lang='lat'>⁴-</span> <span class='ocrx_word' id='word_1_216' title='bbox 1302 2630 1339 2662; x_wconf 65' lang='lat' dir='ltr'>l&#39;s⁴</span> <span class='ocrx_word' id='word_1_217' title='bbox 1368 2630 1462 2672; x_wconf 61' lang='lat' dir='ltr'>l’mw&#39;</span> <span class='ocrx_word' id='word_1_218' title='bbox 1501 2634 1528 2658; x_wconf 61' lang='lat'>1¹1</span> <span class='ocrx_word' id='word_1_219' title='bbox 1559 2626 1674 2659; x_wconf 58' lang='lat' dir='ltr'>Numi.</span> <span class='ocrx_word' id='word_1_220' title='bbox 1698 2637 1787 2658; x_wconf 75' lang='lat' dir='ltr'>som.</span> 
     </span>
     <span class='ocr_line' id='line_1_32' title="bbox 385 2684 500 2719; baseline -0.009 -6"><span class='ocrx_word' id='word_1_221' title='bbox 385 2684 412 2713; x_wconf 57' lang='lat' dir='ltr'>sl</span> <span class='ocrx_word' id='word_1_222' title='bbox 433 2685 500 2719; x_wconf 65' lang='lat' dir='ltr'>r&#39;spvl</span> 
     </span>
    </p>
   </div>
  </div>
 </body>
</html>
