2043 3193
522 180 572 216 52
854 174 975 211 VITA
1007 172 1200 212 KAROLI
1232 172 1593 211 IMPERATORIS.

520 262 818 308 nuntiarent.
839 260 1020 308 Extant
1036 260 1248 324 epistolae
1262 259 1321 306 ab
1339 260 1402 306 eis
1415 259 1472 305 ad
1487 259 1623 305 illum
1640 259 1810 316 missae,
1830 259 1936 322 qui-

520 339 607 384 bus
624 337 890 402 hujusmodi
912 338 1105 385 affectus
1123 338 1197 402 (1)
1216 354 1384 385 eorum
1400 353 1506 400 erga
1524 335 1661 382 illum
1679 335 1931 382 indicatur.

521 415 641 460 Cum
664 414 848 471 Aaron,
871 432 981 477 rege
998 415 1276 470 Persarum,
1302 413 1386 479 qui
1408 422 1602 476 excepta
1626 411 1758 459 India
1780 421 1935 458 totum

520 511 640 556 pene
665 491 855 539 tenebat
879 491 1149 548 Orientem7
1171 491 1313 539 talem
1336 490 1503 536 habuit
1527 491 1576 536 in
1599 489 1802 536 amicitia
1822 505 1936 535 con-

520 571 749 628 cordiam,
762 580 817 616 ut
831 571 867 616 is
881 570 949 633 (2)
965 570 1166 634 gratiam
1179 571 1275 633 ejus
1290 569 1527 625 omnium,
1539 568 1621 633 qui
1637 568 1687 614 in
1702 577 1807 613 toto
1819 565 1939 614 orbe

525 660 759 696 terrarum
778 659 935 706 erant,
958 665 1124 712 regum
1145 665 1196 693 ac
1219 648 1493 711 principum
1514 645 1736 692 amicitiae
1755 661 1941 709 praepo-

520 739 680 784 neret,
721 727 969 790 solumque
1006 725 1142 770 illum
1179 724 1366 771 honore
1398 742 1452 770 ac
1486 722 1813 769 munificentia
1849 720 1938 767 sibi

522 805 774 852 colendum
788 803 1045 867 judicaret3
1069 818 1121 846 ac
1137 801 1360 864 proinde,
1382 819 1490 847 cum
1510 802 1650 865 legati
1671 802 1798 863 ejus,
1819 815 1941 863 quos

522 899 629 926 cum
665 880 874 927 donariis
898 878 955 924 ad
978 878 1346 923 sacratissimum
1377 877 1571 923 Domini
1603 894 1654 922 ac
1686 875 1940 921 salvatoris

522 959 674 1006 nostri
694 958 762 1021 (ὅ)
782 956 1051 1019 sepulcrum
1071 955 1327 1019 locumque
1346 954 1709 1002 resurrectionis
1729 954 1938 1008 miserat,

520 1037 577 1083 ad
600 1053 709 1083 eum
737 1035 1000 1090 venissent,
1034 1044 1080 1080 et
1104 1035 1143 1080 ei
1172 1034 1355 1080 domini
1394 1034 1462 1078 sui
1493 1032 1790 1080 voluntatem
1815 1030 1943 1076 indi-

521 1126 724 1169 cassent,
748 1131 848 1161 non
869 1113 1023 1160 solum
1045 1130 1153 1176 quae
1172 1109 1460 1175 petebantur
1478 1109 1580 1157 fieri
1600 1109 1841 1173 permisit,
1862 1109 1939 1155 sed

522 1194 663 1239 etiam
692 1209 877 1237 sacrum
904 1190 1040 1236 illum
1065 1200 1111 1236 et
1135 1189 1387 1235 salutarem
1411 1188 1595 1244 locum,
1623 1198 1677 1233 ut
1700 1187 1825 1233 illius
1849 1203 1941 1250 po—

522 1270 677 1316 testati
697 1266 1066 1322 adscriberetur,
1095 1267 1326 1312 concessit
1339 1285 1353 1321 3
1381 1277 1429 1312 et
1450 1263 1798 1312 revertentibus
1824 1264 1942 1328 lega-

524 1348 581 1392 tis
602 1364 710 1393 suos
729 1346 989 1409 adjungens
1003 1380 1015 1401 ,
1044 1345 1170 1391 inter
1187 1355 1338 1391 vestes
1358 1353 1405 1390 et
1426 1354 1633 1390 aromata
1648 1379 1661 1399 ,
1684 1353 1731 1390 et
1751 1353 1941 1389 caeteras

521 1423 827 1471 orientalium
850 1433 1087 1469 terrarum
1106 1439 1246 1486 opes,
1270 1422 1478 1486 ingentia
1503 1422 1570 1468 illi
1591 1421 1715 1469 dona
1738 1420 1939 1477 direxit,

522 1520 627 1548 cum
657 1503 697 1548 ei
726 1511 834 1547 ante
854 1517 1028 1564 paucos
1048 1518 1198 1547 annos
1218 1518 1327 1547 eum
1343 1536 1356 1556 ‚
1384 1518 1526 1565 quem
1547 1510 1663 1546 tunc
1682 1500 1837 1546 solum
1861 1499 1940 1545 ha-

521 1578 663 1624 behat
677 1615 689 1634 ,
748 1577 937 1642 roganti
989 1578 1204 1623 mitteret
1251 1575 1573 1641 elephantum.
1627 1577 1942 1640 Imperatores

520 1657 664 1703 etiam
685 1654 1208 1718 Constantinopolitani
1222 1690 1235 1711 ,
1263 1653 1505 1701 Niciforus
1524 1655 1591 1717 (4)
1608 1690 1620 1709 ,
1650 1653 1851 1700 Michael
1872 1655 1941 1718 (5)

524 1746 569 1782 et
592 1737 712 1791 Leo,
735 1734 866 1780 ultro
883 1734 1140 1779 amicitiam
1161 1750 1213 1778 ac
1232 1732 1506 1779 societatem
1525 1734 1623 1796 ejus
1642 1742 1940 1795 expetentes,

524 1813 792 1877 complures
814 1813 887 1875 (6)
913 1811 970 1858 ad
993 1829 1102 1858 eum
1122 1812 1292 1858 misere
1314 1811 1508 1876 legatos.
1537 1811 1659 1857 Cum
1681 1809 1855 1875 quibus
1879 1820 1943 1856 ta-

524 1910 633 1938 men
655 1902 856 1956 propter
875 1901 1146 1955 susceptum
1169 1908 1192 1936 a
1213 1908 1260 1937 se
1282 1891 1581 1953 imperatoris
1603 1907 1781 1937 nomen
1805 1900 1852 1936 et
1877 1889 1942 1936 ob

523 1969 614 2017 hoc
638 1970 702 2016 eis
718 2006 732 2027 ‚
762 1970 894 2033 quasi
922 1969 1005 2033 qui
1033 1969 1289 2032 imperium
1314 1968 1377 2014 eis
1406 1968 1588 2031 eripere
1612 1968 1752 2014 vellet
1768 2003 1780 2023 ,
1810 1967 1942 2013 valde

526 2056 822 2110 suspectum,
857 2045 1017 2092 foedus
1045 2045 1372 2092 firmissimum
1400 2046 1565 2092 statuit
1590 2047 1660 2109 (7)
1677 2081 1690 2102 ,
1726 2055 1781 2090 ut
1812 2044 1941 2091 nulla

572 2212 622 2256 (1)
647 2209 765 2245 Codd.
784 2208 998 2243 Vindobon.
1015 2207 1086 2250 654
1103 2215 1139 2243 et
1157 2208 1359 2243 Florentin.
1377 2209 1545 2257 effectus.

569 2270 619 2314 (2)
645 2267 763 2303 Codd.
786 2266 999 2302 Vindobon.
1020 2266 1101 2313 667,
1121 2266 1214 2313 Reg.
1237 2267 1351 2301 Paris.
1371 2267 1475 2315 5927,
1497 2275 1533 2301 et
1552 2267 1721 2303 vatican.
1744 2264 1812 2312 339
1832 2281 1837 2298 τ
1861 2265 1939 2304 his,-

526 2329 656 2376 reliqui
677 2344 683 2362 t
715 2331 758 2362 is.

569 2389 619 2434 (5)
644 2388 737 2424 Cod.
757 2388 851 2433 Reg.
871 2388 987 2421 Paris.
1004 2386 1096 2434 5926
1113 2403 1118 2421 :
1143 2389 1337 2423 salvatoris
1355 2388 1492 2422 mnndi.

571 2451 620 2494 (4)
647 2449 717 2484 All.
747 2448 974 2494 Nucg'fm‘uS,
1004 2447 1228 2494 NicgforiuS,
1262 2448 1515 2495 Ninicfforzcs,
1550 2445 1793 2491 Niciplzorus,
1828 2444 1940 2479 Nico-

516 2510 647 2553 smus,
672 2508 914 2553 Nichqurus,
940 2507 1182 2552 Niclchorus,
1206 2508 1457 2553 Nicephorus,
1481 2506 1684 2552 Nag‘for'm.
1712 2504 1940 2550 le'plwru&

574 2567 623 2611 (5)
652 2569 788 2614 Quinq.
814 2567 919 2601 codd.
947 2567 1142 2601 Miclzalzel.

572 2626 620 2670 (O)
646 2625 734 2659 (jod.
757 2626 934 2660 Clu-istiu.
961 2626 1076 2669 negiu
1115 2625 1180 2673 657
1202 2657 1204 2659 .
1232 2627 1479 2673 quampluresv

592 2688 623 2728 Τ)
652 2684 726 2717 (jod
768 2684 906 2718 'flou—11¹
947 2692 1067 2726 smum!
