1924 3183
416 162 490 197 126
982 152 1226 190 PIPPINUS.

412 245 467 290 ad
490 240 718 288 auxilium
735 240 823 286 sibi
859 240 930 303 (1)
957 239 1224 285 venientem
1247 238 1465 299 suscepit.
1494 237 1606 283 Haec
1625 254 1732 283 cum
1754 239 1810 284 ad

411 321 664 384 Pippinum
689 317 864 382 perlata
883 317 1108 371 fuissent,
1140 332 1249 360 cum
1271 314 1478 361 maximo
1502 317 1709 362 exercitu
1729 317 1813 361 Ba-

405 398 606 463 joariam
646 395 885 460 profectus
925 405 994 441 est
1017 429 1030 450 ,
1067 393 1358 457 fratremque
1391 409 1528 439 suum
1564 393 1815 440 Grifonem

415 493 523 522 cum
557 473 779 521 omnibus
811 473 891 536 qui
926 489 1033 517 cum
1072 471 1172 534 ipso
1207 470 1278 516 vel
1315 471 1371 515 ad
1409 470 1562 533 ipsum
1591 481 1817 517 venerant

415 554 539 617 cepit
558 553 644 614 (2),
667 550 956 597 Tassilonem
975 550 1024 594 in
1037 548 1259 594 ducatum
1281 547 1507 603 restituit,
1528 546 1817 611 domumque

416 647 650 683 reversus,
687 626 940 673 Grifonem
971 643 1104 672 more
1139 623 1312 670 ducum
1345 623 1592 670 duodecim
1622 624 1820 671 comita-

417 707 541 753 tibus
559 707 630 769 (3)
651 704 861 752 donavit..
886 702 975 749 Sed
997 702 1074 749 ille
1092 702 1173 747 tali
1199 700 1429 749 beneflcio
1450 688 1702 747 contentus
1720 717 1818 746 non

415 796 536 842 erat,
568 801 673 828 nam
692 781 855 828 eodem
871 796 998 826 anno
1020 778 1075 824 ad
1094 778 1380 825 Waifarium
1395 813 1407 834 ,
1430 777 1597 824 ducem
1621 777 1821 840 Aquita—

415 861 507 906 niae
522 895 534 916 ,
562 857 790 923 profugit.

1031 992 1206 1038 DCCL.

483 1100 781 1150 Burchardus
804 1097 1236 1162 Wirziburcgensis
1261 1097 1331 1159 (4)
1358 1096 1601 1159 episcopus
1617 1131 1630 1152 ‚
1653 1106 1698 1142 et
1714 1096 1828 1141 Fol-

419 1182 556 1228 radus
576 1178 824 1244 presbyter
849 1176 1113 1240 capellanus
1147 1175 1273 1220 missi
1298 1185 1409 1219 sunt
1430 1174 1631 1220 Romam
1665 1173 1720 1219 ad
1743 1174 1826 1219 Za-

420 1258 626 1305 chariam
662 1272 860 1319 papam,
898 1263 951 1298 ut
977 1252 1278 1299 consulerent
1313 1251 1588 1315 pontificem
1615 1251 1671 1298 de
1692 1268 1826 1297 causa

419 1354 586 1401 regum
602 1371 613 1391 ,
643 1334 725 1398 qui
754 1333 836 1378 illo
856 1342 1068 1394 tempore
1092 1330 1290 1376 fuerunt
1311 1330 1360 1375 in
1385 1329 1579 1374 Francia
1598 1364 1611 1386 ,
1633 1329 1715 1393 qui
1738 1346 1827 1375 no-

419 1432 529 1460 men
555 1423 741 1458 tantum
759 1410 906 1473 regis,
933 1407 1010 1454 sed
1035 1407 1213 1453 nullam
1237 1415 1518 1470 potestatem
1542 1406 1718 1470 regiam
1742 1405 1828 1451 ha-

418 1492 657 1544 buerunt3
677 1505 761 1551 per
779 1502 897 1550 quos
921 1484 1175 1548 praedictus
1193 1481 1408 1547 pontifex
1434 1482 1695 1538 mandavit,
1724 1500 1828 1528 me·-

419 1569 509 1614 lius
533 1584 627 1613 esse
661 1565 795 1610 illum
823 1563 978 1609 vocari
1010 1579 1192 1626 regem,
1215 1560 1338 1624 apud
1366 1578 1508 1624 quem
1534 1578 1713 1606 summa
1748 1578 1829 1623 po-

423 1644 599 1690 testatis
636 1640 935 1693 consisterem
981 1638 1180 1702 dataque
1226 1637 1504 1683 auctoritate
1549 1654 1654 1694 sua,
1690 1637 1829 1700 jussit

422 1721 675 1785 Pippinum
701 1734 859 1781 regem
884 1716 1129 1762 constitui.

1028 1853 1226 1898 DCCLI.

489 1968 589 2011 Hoc
619 1979 745 2008 anno
775 1959 1032 2007 secundum
1062 1959 1247 2005 romani
1274 1957 1512 2021 pontificis
1537 1958 1828 2003 sanctionem

424 2042 650 2105 Pippinus
674 2057 753 2084 rex
793 2038 1084 2082 Francorum
1107 2035 1363 2098 appellatus
1401 2046 1495 2090 est,
1525 2045 1570 2080 et
1601 2034 1656 2079 ad
1693 2035 1828 2096 hujus

423 2118 700 2182 dignitatem
727 2114 920 2160 honoris
943 2121 1113 2157 unctus
1134 2128 1257 2156 sacra
1284 2111 1510 2156 unctione
1534 2127 1677 2155 manu
1703 2126 1829 2154 sanc—

427 2207 485 2240 tae
523 2192 764 2239 memoriae
799 2189 1017 2235 Bonifatii
1045 2186 1380 2250 archiepiscopi
1424 2198 1468 2231 ct
1504 2186 1750 2248 martyris,
1784 2196 1827 2231 et

492 2417 521 2458 1)
548 2414 589 2447 D.
609 2412 725 2457 Bouq.
746 2410 816 2443 sibi
830 2411 864 2442 it]
885 2408 1078 2442 (mavilium.

489 2474 523 2517 2)
548 2472 677 2506 Pei-ttz
700 2470 818 2513 coepzl.

513 2534 521 2575 )
547 2531 576 2565 C
578 2528 660 2563 odd
683 2528 909 2561 Hanoveian
933 2531 968 2557 vt
990 2524 1017 2556 Χ
1023 2522 1195 2556 indobon
1224 2535 1283 2554 110
1300 2528 1335 2554 et
1354 2534 1420 2566 990
1441 2536 1445 2552 2
1466 2534 1493 2553 m
1486 2519 1667 2553 mundabit>-

516 2597 547 2680 >M
550 2589 619 2622 ΛΗ.
658 2587 702 2620 ΙΙ
704 2588 750 2619 ἰν
739 2586 926 2629 [burgell
927 2597 985 2617 ·1.s,
1033 2582 1078 2614 ll
1078 2595 1118 2614 ιι
1121 2581 1301 2625 (langen
1301 2582 1336 2611 Ἡ
1351 2609 1353 2612 .
1388 2580 1427 2611 l)
1467 2579 1578 2624 l'ouq.
1616 2577 1723 2609 11⁷¹·an
1712 2577 1819 2608 ibur-

475 2593 483 2623 κ
473 2418 483 2575 ij-xm

475 2530 508 2575 3

477 2593 508 2633 4

467 2662 518 2681 *m
