1924 3183
399 199 477 236 3522
923 193 1296 232 HLUDOWICUS.

398 300 492 348 que
511 300 534 328 a
554 298 600 328 se
620 278 896 328 servandam
916 280 1233 345 pollicentur3
1256 278 1336 326 sed
1353 296 1463 326 cum
1482 279 1582 327 haec
1603 282 1815 329 simulata

397 361 543 424 magis
567 376 710 424 quam
733 358 913 405 veracia
940 357 1233 414 viderentur,
1261 357 1394 404 velut
1424 358 1581 404 inania
1608 359 1816 424 neglecta

397 448 538 494 sunt,
571 447 618 483 et
648 435 878 482 auxilium
909 445 1076 482 contra
1102 452 1180 482 eos
1211 434 1439 481 Herioldo
1463 435 1645 481 datum.
1687 438 1816 483 Luna

395 531 515 561 non.
542 512 668 560 febr.
697 511 813 559 hora
838 512 993 559 noctis
1016 511 1219 558 secunda
1241 510 1413 558 defecit
1428 547 1441 567 ‚
1467 522 1516 558 et
1538 523 1744 559 cometes
1768 513 1817 559 in

398 593 533 657 signo
557 590 907 656 Agitatoris(1)
934 590 1169 654 apparuit.

459 673 642 717 Interea
683 667 946 733 Stephanus
985 685 1103 731 papa
1143 667 1289 713 tertio
1326 676 1579 731 postquam
1617 669 1818 715 Romam

393 757 590 795 venerat
613 763 799 802 mense,
827 745 906 792 sed
931 744 1150 790 nondum
1174 755 1339 791 exacto
1356 779 1370 803 ,
1397 744 1588 791 circiter
1613 762 1696 791 v111
1721 746 1813 791 kal.

392 826 516 873 febr.
545 826 668 872 diem
693 824 834 871 obiit.
857 823 942 868 Cui
968 821 1199 868 Paschalis
1223 840 1462 870 successor
1485 823 1683 881 electus,
1711 834 1818 888 post

391 903 676 967 completam
697 900 974 947 solemniter
993 899 1349 946 ordinationem
1366 916 1522 955 suam,
1548 911 1596 946 et
1618 918 1817 947 munera

391 993 437 1029 et
474 980 817 1028 excusatoriam
848 977 1125 1041 imperatori
1165 978 1295 1023 misit
1325 978 1602 1041 epistolam,
1641 979 1691 1025 in
1725 996 1817 1043 qua

390 1059 479 1105 sibi
500 1075 601 1104 non
621 1057 775 1103 solum
794 1055 1004 1111 nolenti,
1026 1054 1104 1100 sed
1124 1055 1266 1100 etiam
1284 1054 1546 1117 plurimum
1566 1056 1813 1111 renitenti,

390 1134 698 1200 pontificatus
731 1131 966 1179 honorem
990 1130 1121 1177 velut
1152 1130 1430 1194 impositum
1457 1131 1531 1194 (2)
1567 1144 1813 1179 asseverat.

390 1214 527 1259 Missa
550 1223 710 1258 tamen
735 1211 821 1256 alia
842 1209 1103 1274 legatione,
1125 1219 1317 1272 pactum
1337 1209 1468 1274 quod
1488 1227 1597 1255 cum
1615 1227 1817 1274 praeces-

389 1289 576 1338 soribus
599 1291 694 1336 suis
717 1288 899 1334 factum
925 1297 1054 1344 erat,
1084 1287 1226 1333 etiam
1251 1304 1411 1333 secum
1431 1287 1534 1335 fieri
1559 1299 1606 1335 et
1635 1288 1815 1335 firmari

390 1369 595 1433 rogavit.
627 1369 760 1414 Hanc
787 1366 1075 1430 legationem
1099 1364 1383 1412 Theodorus
1411 1367 1745 1414 nomenclator
1770 1377 1817 1414 et

390 1446 586 1503 detulit,
614 1456 661 1494 et
690 1463 741 1492 ea
764 1462 874 1510 quae
898 1444 1101 1508 petierat
1134 1443 1423 1507 impetravit.
1451 1444 1585 1490 Feria
1617 1446 1812 1509 quinta,

390 1544 483 1590 qua
501 1526 648 1571 Coena
671 1523 866 1571 Domini
883 1520 1168 1577 celebratur,
1191 1538 1301 1567 cum
1319 1521 1578 1585 imperator
1593 1520 1652 1568 ab
1669 1523 1818 1569 eccle-

390 1603 472 1658 sia,
487 1611 681 1666 peracto
698 1616 831 1647 sacro
848 1599 1020 1655 officio,
1044 1608 1275 1644 remearet
1288 1633 1299 1651 ,
1322 1597 1475 1662 lignea
1494 1599 1709 1661 porticus
1732 1617 1817 1662 per

391 1697 535 1744 quam
555 1676 819 1734 incedebat,
841 1693 950 1722 cum
964 1692 1022 1721 ex
1034 1674 1191 1739 fragili
1211 1677 1406 1721 materia
1425 1686 1543 1721 esset
1567 1675 1812 1730 aedificata,

390 1768 438 1805 et
471 1760 701 1821 tuncjam
726 1754 931 1802 marcida
959 1764 1005 1800 et
1028 1752 1294 1818 putrefacta
1311 1789 1325 1811 ,
1361 1771 1469 1818 quae
1493 1755 1816 1820 contignatio—

391 1853 504 1881 nem
521 1844 568 1881 et
584 1832 846 1879 tabulatum
867 1829 1181 1887 sustinebant,
1201 1841 1405 1876 transtra
1419 1831 1548 1894 pond
1557 1849 1606 1876 us
1623 1831 1814 1896 aliquod

389 1914 512 1959 serre
536 1928 637 1958 non
661 1919 855 1974 possent
871 1944 885 1967 ,
918 1908 1218 1955 incedentem
1247 1906 1448 1971 desuper
1477 1908 1815 1970 imperatorem

392 1988 545 2035 subita
572 1989 710 2034 ruina
732 2004 841 2032 cum
858 1986 1029 2050 viginti
1056 1995 1103 2032 et
1125 2002 1181 2032 eo
1203 1984 1406 2049 amplius
1430 1984 1706 2032 hominihus
1730 1987 1813 2051 qui

392 2083 485 2111 una
517 2065 652 2110 ibant
683 2064 741 2109 ad
772 2074 948 2110 terram
982 2079 1130 2126 usque
1164 2061 1394 2125 depressit
1427 2063 1517 2126 (3).
1555 2062 1649 2122 Qui
1685 2080 1813 2109 casus

394 2160 503 2188 cum
537 2142 791 2206 plerosque
823 2159 880 2187 ex
914 2140 983 2185 his
1013 2140 1095 2204 qui
1129 2139 1270 2184 simul
1306 2138 1578 2186 deciderant
1607 2141 1813 2205 graviter

392 2221 635 2277 affecisset,
654 2220 721 2265 illi
742 2229 898 2265 tamen
912 2217 1032 2264 nihil
1046 2217 1173 2263 aliud
1185 2218 1254 2281 (4)
1267 2217 1474 2265 laesionis
1489 2218 1672 2277 intulit,
1691 2237 1813 2283 prae-

440 2406 490 2451 (1)
516 2406 570 2439 Ita
585 2404 676 2451 legit
692 2405 797 2438 Pertz
811 2431 819 2447 ,
837 2416 919 2437 cum
938 2402 1087 2450 plerisq.
1103 2402 1211 2437 codd.
1225 2422 1272 2429 ——
1285 2403 1329 2436 D.
1348 2403 1463 2450 Bouq.
1490 2415 1573 2437 cum
1590 2403 1752 2438 Frehero
1774 2412 1810 2438 et

394 2466 514 2498 Nucn.
535 2465 659 2498 comit.
684 2465 888 2509 Sagittarii.

437 2525 487 2569 (a.)
514 2524 631 2566 I'crtz,
647 2535 730 2557 cuin
742 2534 802 2556 sex
814 2521 920 2557 codd.
935 2522 1040 2555 ‘velut
1056 2523 1243 2567 inpactum
1256 2520 1461 2555 adseverat.
1485 2541 1524 2546 *—
1543 2520 1660 2554 Codd.
1684 2521 1804 2555 Hann

391 2592 427 2617 ct
449 2584 684 2618 Yimlobonn.
711 2597 721 2616 1
736 2595 773 2616 10
791 2589 827 2616 ct
845 2594 912 2629 990
930 2597 936 2615 t
956 2583 1163 2625 [anmv'lum
1181 2583 1372 2615 intlrlzawz'l.

437 2642 485 2687 (ἶ)
513 2644 638 2676 Pcrtzt
664 2642 843 2687 deposuit.

438 2706 484 2743 [ff
512 2703 568 2737 Sic
585 2715 709 2737 onmes
724 2702 830 2737 «wald.
853 2723 896 2728 --
916 2702 1017 2736 l'vrtr,
1040 2713 1122 2735 cuin
1143 2713 1216 2734 uno
1235 2700 1313 2734 cod.
1341 2699 1498 2734 vindob.
1519 2698 1582 2741 (5234
1607 2716 1610 2720 ·
1630 2701 1721 2733 aliut
