2043 3193
485 160 541 208 evj
826 154 1139 193 TESTIMONIA
1171 151 1238 189 DE
1269 150 1547 189 EINHARDO.

487 236 800 288 preciosissimum
813 249 924 286 supra
940 239 1271 272 commemoratum
1285 229 1502 280 deportans,
1514 244 1631 282 usque
1644 230 1691 268 ad
1702 231 1865 268 insulam
1882 260 1890 278 ‚

484 314 564 350 quae
580 298 729 335 Corsica
746 297 978 341 nominatur,
998 295 1171 340 devenit3
1188 293 1253 330 uhi
1271 293 1492 345 gravissimo
1507 293 1687 346 languore
1701 294 1889 340 detentus,

485 370 648 412 coeptum
682 360 929 398 desiderabile
965 360 1033 396 iter
1074 356 1249 408 prosequi
1280 370 1354 392 non
1380 355 1538 393 valebat.
1570 355 1703 408 Itaque
1731 356 1889 394 Romam

483 425 649 469 mittens,
676 425 840 475 exposita
860 420 1088 461 infirmitatis
1108 434 1182 457 suae
1199 433 1307 456 causa
1325 447 1334 464 ‚
1355 427 1459 471 rogat
1485 419 1764 470 imperatorem,
1785 427 1827 457 ut
1844 420 1892 457 ad

480 502 518 525 se
540 488 577 524 in
597 487 810 538 praedictam
834 486 993 523 insulam
1010 483 1138 520 venire
1157 497 1234 519 non
1251 482 1474 534 dedignetur
1489 498 1498 527 3
1524 482 1712 534 spondens
1728 497 1766 520 se
1783 482 1891 519 illum

480 549 754 587 decentissimis
778 547 993 586 muneribus
1012 554 1047 583 et
1070 559 1200 583 omnes
1218 544 1408 582 thesauros
1429 545 1802 598 praeponderantibus
1820 545 1891 582 ho-

480 621 716 650 noraturum.
734 612 923 663 Augustus
942 624 1028 647 vero
1046 609 1159 646 maris
1177 609 1391 660 periculum
1408 617 1672 660 praemetuens,
1691 617 1731 647 ut
1746 623 1892 660 semper

475 676 619 714 solebat
640 678 678 713 in
702 677 806 727 aquis
827 688 904 711 esse
920 672 1196 718 formidolosus,
1215 673 1449 710 consiliarios
1468 673 1673 725 fidelesque
1689 687 1773 710 suos
1795 687 1892 709 con-

478 749 600 786 vocat,
622 748 659 777 et
673 739 805 790 quaerit
824 751 937 789 quem
959 736 1005 774 de
1029 735 1204 773 omnibus
1221 736 1287 773 illo
1312 735 1471 788 dirigere
1494 736 1641 774 debeat.
1658 735 1891 787 Nullumque

478 804 669 855 reperiens
684 811 899 839 caeterorum
912 801 959 838 ad
972 799 1064 839 illud
1077 800 1148 837 iter
1158 813 1236 837 esse
1246 807 1435 851 paratum,
1449 798 1682 838 Emmnntm
1693 799 1870 836 clericum
1881 827 1890 845 ,

477 868 516 904 in
535 867 708 904 omnibus
730 879 811 917 quae
831 864 886 902 illi
907 864 1133 913 injunxisset
1151 863 1369 900 ministeriis
1386 863 1456 900 sibi
1474 878 1622 915 semper
1636 863 1890 914 aptissimum,

478 930 647 967 decernit
665 929 755 965 illuc
773 941 852 965 esse
868 925 1152 964 destinandum.
1172 925 1244 964 Ille
1259 940 1410 978 quoque
1426 926 1674 964 nihilominus
1695 939 1888 963 emensum

476 993 646 1045 pelagus,
671 992 767 1029 sicut
785 990 1000 1042 frequenter
1024 999 1286 1037 consueverat,
1304 989 1608 1041 perhorrescens,
1630 990 1720 1027 talia
1741 989 1889 1038 jubenti

477 1056 644 1105 objicere
671 1053 890 1106 perhibetur
914 1068 923 1089 :
951 1072 967 1087 «
987 1053 1099 1091 Mitte
1121 1067 1182 1091 me
1202 1067 1270 1105 per
1288 1062 1426 1091 terram
1450 1051 1498 1091 ad
1516 1065 1774 1104 quoscumque
1796 1052 1890 1090 velis

479 1137 495 1151 «
523 1118 636 1155 totius
653 1117 754 1154 orbis
775 1117 880 1163 fines,
905 1117 1049 1154 etiamsi
1071 1124 1215 1154 exteras
1233 1116 1396 1155 volueris
1413 1116 1461 1154 ad
1479 1124 1632 1169 gentes;
1655 1124 1691 1153 et
1711 1130 1778 1167 ego
1807 1115 1890 1165 jus-

479 1195 498 1216 «
522 1193 601 1216 sum
620 1187 725 1216 tuum
756 1177 984 1215 fiducialiter
1004 1176 1237 1231 adimplebo.
1261 1179 1492 1216 periculosos
1509 1180 1652 1230 quippe
1671 1187 1707 1215 et
1728 1178 1888 1215 incertas

478 1258 497 1279 «
521 1256 704 1293 aquarum
736 1243 814 1280 vias
847 1249 1070 1293 attemptare
1097 1241 1271 1280 formido.
1294 1260 1311 1275 »
1335 1241 1437 1295 Rege
1468 1243 1582 1295 igitur
1610 1249 1789 1280 :estuante
1808 1270 1817 1288 ,
1848 1250 1888 1278 ut

474 1306 640 1357 legatum
675 1305 838 1357 aliquem
875 1305 992 1356 possit
1023 1305 1195 1343 invenire
1210 1334 1220 1353 ,
1250 1306 1392 1344 caeteris
1412 1320 1501 1344 vero
1536 1306 1789 1357 perniciosum
1819 1305 1889 1342 iter

473 1368 755 1415 excusantibus,
781 1367 950 1406 triduum
970 1368 1022 1405 ita
1039 1377 1234 1420 peractum
1252 1377 1320 1406 est.

558 1488 671 1521 XVII.
696 1487 1029 1521 INSCRIPTIONS
1053 1476 1360 1522 RAPPORTEES
1384 1488 1475 1521 PAR
1499 1486 1807 1521 WEINCKENS.

823 1562 1034 1604 Eginhartus
1052 1562 1260 1603 illustratus,
1273 1574 1350 1605 pag.
1377 1573 1414 1594 ιο
1431 1569 1465 1594 et
1479 1573 1530 1595 21.

634 1639 858 1677 Emufflnns
880 1639 1021 1677 fueram
1036 1669 1046 1687 ,
1065 1654 1194 1692 regum
1211 1640 1276 1691 qui
1295 1639 1417 1677 clarus
1434 1654 1562 1677 amore
1580 1669 1589 1686 ,

689 1703 759 1740 Cui
778 1703 900 1740 Caroli
916 1703 1049 1756 Magni
1067 1703 1143 1740 filia
1166 1712 1284 1755 nupta
1301 1703 1371 1741 suit
1388 1719 1397 1740 τ

630 1766 797 1816 Quaeque
820 1766 889 1803 sub
910 1766 980 1803 hoc
997 1780 1144 1803 mecum
1161 1767 1307 1803 tumulo
1322 1766 1498 1804 conclusa
1515 1767 1688 1818 quiescit,

689 1827 747 1865 Ad
762 1828 924 1879 Superos
942 1830 1060 1867 donec
1078 1844 1144 1866 nos
1166 1829 1256 1866 tuba
1274 1843 1387 1867 rauca
1408 1838 1526 1867 vocet.

634 1891 716 1928 Hoc
734 1906 802 1943 ego
823 1893 1015 1929 construxi
1033 1893 1166 1930 devoto
1181 1901 1333 1943 pectore
1349 1893 1531 1944 templum
1547 1924 1557 1939 7

685 1954 880 1992 Fratribus
900 1965 934 1993 et
953 1955 1076 2008 largas
1098 1956 1377 1993 contuleramus
1398 1970 1502 2007 opes.

638 2018 801 2069 Corpora
822 2027 1037 2056 sanctornm
1054 2033 1199 2056 summa
1216 2019 1401 2056 tumulata
1422 2019 1491 2056 sub
1513 2034 1576 2056 ara

690 2080 884 2132 Cougessi‚
906 2081 992 2118 vivo
1012 2095 1095 2133 quae
1114 2081 1206 2118 mihi
1223 2081 1343 2119 Roma
1363 2081 1481 2119 dedit.

554 2297 765 2335 Romamn
787 2313 857 2336 nen
882 2312 998 2337 ERs‘rE
1020 2314 1120 2337 uena
1145 2314 1190 2337 zu
1223 2313 1364 2336 namen
1392 2300 1494 2336 Imm
1512 2313 1597 2336 sem
1616 2313 1799 2337 nemum

526 2374 591 2397 nes
613 2360 788 2399 GnossEN
811 2360 976 2399 Ktusens
995 2362 1134 2400 Cimon
1153 2376 1318 2399 EHLICHE
1335 2376 1502 2400 nocann
1520 2375 1602 2399 mse
1621 2375 1744 2398 ΠΑΒΕΝ
1762 2376 1825 2398 ms

635 2438 795 2462 RLOSTER
813 2425 1071 2464 SEmGENsmT
1092 2440 1142 2463 AM
1164 2425 1278 2462 Mem
1299 2438 1442 2463 GEBAUT
1463 2439 1541 2463 um)
1561 2438 1714 2462 cessii-r

1032 2490 1093 2526 ΑΟ.
1117 2501 1318 2526 ncccxx1x.
