1924 3183
448 153 525 192 204
1034 153 1280 192 KAROLUS.

447 240 707 304 Bajoariam
742 240 810 303 (ι)
851 250 1011 304 petere
1047 241 1309 288 constituit.
1352 241 1566 307 Cumque
1607 242 1860 306 Pippinum

447 318 602 364 filium
627 335 736 363 cum
759 316 929 364 Italicis
959 318 1105 382 copiis
1136 318 1186 363 in
1226 317 1566 365 Tredentinam
1589 319 1759 366 vallem
1783 338 1862 368 ve·-

448 395 554 442 nire
571 395 806 458 jussisset,
835 395 1086 442 orientales
1121 411 1313 459 quoque
1344 396 1513 443 Franci
1546 413 1598 442 ac
1632 398 1860 457 Saxones,

448 482 503 518 ut
515 472 629 534 jussi
652 471 842 519 fuerant
855 507 869 528 ,
889 472 946 518 ad
969 470 1241 517 Danubium
1261 472 1311 517 in
1327 472 1434 519 loco
1455 474 1538 537 qui
1556 474 1773 539 Pferinga
1791 475 1861 538 (2)

450 561 647 596 vocatur
675 549 973 596 accessissent
989 585 1001 605 ‚
1037 549 1133 612 ipse
1170 566 1279 595 cum
1302 550 1514 597 exercitu
1537 567 1680 615 quem
1705 567 1864 598 secum

447 626 672 684 duxerat,
701 644 841 690 super
879 625 1090 673 Lechum
1126 626 1351 685 fluvium,
1391 628 1473 691 qui
1497 627 1785 675 Alamannos
1820 639 1866 675 et

446 705 685 769 Bajoarios
708 704 876 750 dividit
907 705 1003 768 (5),
1032 705 1082 752 in
1113 704 1336 769 Augustae
1367 705 1568 753 civitatis
1592 705 1866 754 suburbano

450 783 688 839 consedit,
718 782 827 828 inde
853 782 1114 845 Bajoariam
1140 799 1249 828 cum
1289 793 1386 829 tam
1409 783 1558 830 valida
1579 801 1725 830 manu
1754 802 1864 848 pro-

449 859 526 906 cul
551 859 697 905 dubio
717 858 978 921 petiturus,
998 859 1089 904 nisi
1115 859 1296 905 Tassilo
1311 858 1399 905 sibi
1419 878 1470 905 ac
1495 860 1675 924 populo
1699 878 1784 906 suo
1811 861 1867 907 ad

446 953 608 1001 regem
638 935 875 982 veniendo
912 935 1198 983 consuleret.
1231 935 1353 982 Nam
1388 936 1550 984 videns
1584 955 1631 984 se
1655 938 1868 1002 undique

448 1015 829 1071 circumsessum,
856 1014 988 1060 venit
1011 1014 1207 1078 supplex
1222 1049 1236 1072 ,
1254 1031 1305 1060 ac
1319 1015 1506 1061 veniam
1522 1014 1578 1061 de
1601 1025 1710 1062 ante
1731 1015 1868 1079 gestis

447 1093 536 1139 sibi
559 1093 659 1139 dari
694 1091 967 1156 deprecatus
998 1103 1083 1138 est.
1111 1091 1200 1138 Sed
1222 1102 1269 1139 et
1291 1110 1400 1150 rex,
1428 1093 1550 1139 sicut
1573 1104 1674 1139 erat
1699 1103 1866 1139 natura

445 1169 749 1225 mitissimus,
776 1168 977 1232 supplici
1000 1185 1052 1214 ac
1081 1168 1353 1232 deprecanti
1378 1170 1615 1234 pepercit,
1642 1170 1867 1233 acceptis-

447 1265 539 1312 que
557 1246 615 1292 ab
638 1264 718 1303 eo,
739 1257 917 1310 praeter
939 1245 1095 1293 filium
1118 1248 1214 1310 ejus
1239 1246 1579 1305 Theodonem,
1606 1248 1729 1306 aliis,
1748 1265 1866 1313 quos

447 1326 545 1390 ipse
585 1325 834 1388 imperavit
869 1325 968 1387 (4),
1014 1323 1264 1372 duodecim
1298 1323 1565 1382 obsidibus,
1605 1336 1650 1372 et
1686 1326 1867 1390 populo

447 1415 588 1450 terrae
613 1420 698 1468 per
722 1413 1010 1449 sacramenta
1039 1403 1254 1461 firmato,
1298 1403 1347 1449 in
1377 1404 1623 1449 Franciam
1654 1421 1866 1451 reversus

447 1490 533 1527 est.
577 1481 641 1526 Et
680 1480 730 1526 in
772 1478 1048 1527 suburbano
1084 1480 1492 1545 Mogontiacense,
1527 1481 1575 1526 in
1619 1481 1729 1527 villa
1758 1498 1864 1546 quae

451 1568 645 1605 vocatur
674 1556 958 1622 Ingelheim,
995 1558 1104 1622 quia
1136 1557 1202 1604 ibi
1228 1557 1537 1615 hiemaverat,
1573 1569 1619 1605 et
1650 1558 1863 1606 Natalem

449 1636 643 1683 Domini
660 1645 707 1682 et
722 1634 893 1682 Pascha
910 1635 1182 1683 celebravit.

932 1778 1375 1826 DCCLXXXVIII.

512 1887 635 1931 Cum
659 1886 708 1931 in
735 1885 896 1932 eadem
916 1885 1028 1931 villa
1052 1885 1320 1950 generalem
1348 1885 1510 1949 populi
1545 1886 1614 1931 sui
1643 1903 1727 1934 rex
1753 1903 1866 1933 con·-

448 1974 647 2010 ventum
671 1962 773 2010 fieri
797 1962 1103 2022 decrevisset,
1129 1980 1180 2008 ac
1205 1962 1499 2010 Tassilonem
1521 1963 1689 2011 ducem
1704 2000 1716 2021 ,
1746 1965 1866 2010 sicut

450 2051 497 2088 et
522 2051 718 2088 caeteros
742 2057 894 2087 vassos
912 2058 1020 2087 suos
1035 2076 1048 2097 ,
1071 2042 1121 2086 in
1146 2039 1310 2087 eodem
1335 2051 1575 2087 conventu
1594 2040 1749 2088 adesse
1768 2043 1866 2104 jus-

450 2119 604 2175 sisset,
638 2127 781 2182 atque
819 2117 924 2175 ille,
957 2128 1012 2162 ut
1047 2118 1086 2163 ei
1126 2117 1280 2164 fuerat
1310 2118 1619 2181 imperatum,
1656 2118 1713 2164 ad
1746 2119 1867 2183 regis

495 2320 545 2364 (ι)
571 2318 730 2354 Nuenar.
760 2330 880 2354 comes
907 2325 944 2353 et
971 2318 1015 2353 D.
1047 2318 1159 2365 Bouq.
1196 2317 1410 2364 Bajoariam
1439 2323 1548 2363 alque
1579 2320 1699 2363 ipsum
1739 2319 1861 2352 Tassi-

451 2378 584 2413 Ionem.

497 2439 549 2482 (2)
574 2438 645 2473 All.
666 2438 848 2484 Feringa,
870 2437 1080 2484 Pfetringa.

496 2496 546 2542 (3)
572 2499 626 2532 lta
641 2498 751 2533 habet
770 2499 814 2532 D.
833 2498 948 2545 Bouq.
970 2510 1053 2532 cum
1068 2496 1227 2530 Nueuar.
1245 2497 1379 2530 comite
1394 2494 1519 2530 eteocl.
1539 2494 1861 2531 Trcviiu—Pertz⁸

452 2570 535 2591 eum
555 2559 691 2593 caeleris
707 2558 815 2593 codd.
835 2558 984 2593 dirimit.

498 2619 548 2662 (4)
580 2621 673 2663 Ouo<
699 2622 773 2665 ipw·
804 2622 992 2663 imperavit
1022 2618 1119 2653 deest
1154 2617 1249 2663 apud
1280 2618 1318 2651 D.
1353 2617 1466 2663 Bouq.
1496 2622 1531 2651 ct
1561 2616 1719 2650 Nuenar.
1754 2613 1864 2649 comi*

455 2682 536 2708 ³⁴:111.
