1924 3183
389 200 467 239 242
971 198 1218 236 KAROLUS.

391 305 499 333 cum
519 286 689 334 Wilzis
704 296 751 332 et
766 284 1010 332 Abodritis
1025 285 1337 349 disponenda,
1357 294 1403 331 et
1420 284 1649 349 quosdam
1667 285 1804 331 Saxo-

391 382 472 411 nes
499 364 556 410 de
581 362 856 410 Nordliudis
882 363 955 427 (1)
982 361 1296 426 recipiendos.
1321 361 1464 425 Cujus
1487 361 1804 408 reversionem

391 458 501 488 cum
524 450 762 505 expectat,
789 441 920 487 venit
944 439 1161 504 pontifex
1178 474 1191 496 ‚
1225 450 1273 485 et
1294 438 1428 486 valde
1458 438 1722 486 honorifice
1748 438 1806 485 ab

393 519 476 566 illo
508 528 749 582 susceptus
779 528 876 575 est,
908 518 1176 583 mansitque
1199 515 1323 579 apud
1346 533 1456 563 eum
1480 516 1577 564 dies
1604 516 1803 581 aliquot.

392 600 454 644 Et
479 615 588 643 cum
613 598 653 645 ei
679 608 875 656 cuncta,
905 607 1103 661 propter
1129 613 1237 661 quae
1264 605 1485 654 venerat,
1520 596 1809 654 intimasset,

395 677 568 722 iterum
596 675 794 721 Romam
823 691 932 720 cum
958 690 1132 737 magno
1161 672 1344 719 honore
1369 689 1455 737 per
1485 672 1661 736 legatos
1691 672 1812 736 regis

393 754 476 818 qui
496 770 605 799 cum
623 769 680 799 eo
697 752 825 799 missi
846 761 958 797 sunt
971 787 984 808 ,
1006 749 1246 806 reductuS,
1267 759 1409 814 atque
1425 750 1477 795 in
1496 749 1657 796 locum
1677 766 1814 794 suum

393 832 641 878 restitutus
674 840 759 877 est.
790 829 899 888 Quo
930 828 1152 882 dimisso,
1189 845 1271 874 rex
1305 844 1478 892 paucos
1510 827 1606 873 dies
1641 824 1816 873 ibidem

394 919 634 965 moratus,
671 908 878 972 legatum
918 905 1159 953 Michaelis
1191 907 1376 969 patricii
1420 907 1477 952 de
1508 905 1689 961 Sicilia,
1731 921 1818 951 no-

396 987 525 1032 mine
545 983 841 1039 Danihelem,
867 983 923 1028 ad
942 1000 988 1029 se
1007 983 1201 1028 missum
1221 981 1440 1028 absolvit.
1464 982 1660 1046 Accepit
1678 982 1817 1028 etiam

398 1067 582 1111 tristem
597 1063 823 1109 nuntium
839 1061 896 1108 de
915 1060 1110 1108 Geroldi
1134 1071 1180 1108 et
1194 1062 1341 1107 AErici
1365 1062 1565 1108 interitu
1577 1081 1590 1119 3
1610 1077 1819 1126 quorum

397 1142 532 1197 alter,
571 1139 803 1186 Geroldus
840 1136 1061 1184 videlicet
1095 1137 1321 1200 Bajoariae
1358 1137 1640 1200 praefectus,
1684 1154 1821 1184 com-

399 1219 543 1264 misso
573 1233 682 1262 cum
715 1215 869 1260 Hunis
902 1213 1072 1278 praelio
1106 1213 1302 1270 cecidit,
1338 1214 1457 1260 alter
1491 1231 1635 1270 vero,
1673 1213 1719 1259 id
1754 1223 1822 1260 est

398 1296 605 1354 AEricus,
630 1303 738 1358 post
762 1292 913 1338 multa
937 1291 1100 1356 praelia
1125 1303 1172 1338 et
1193 1292 1398 1355 insignes
1422 1292 1671 1347 victorias,
1700 1291 1823 1355 apud

401 1371 723 1418 Tharsafflcam
738 1405 750 1426 ,
780 1368 1027 1415 Liburniae
1051 1368 1291 1415 civitatem
1308 1404 1320 1424 ,
1352 1368 1531 1414 insidiis
1555 1367 1824 1432 oppidano-

402 1467 512 1495 rum
539 1449 830 1510 interceptus
861 1456 1003 1510 atque
1035 1444 1313 1491 interfectus
1351 1457 1435 1492 est.
1473 1444 1632 1492 Rebus
1669 1446 1826 1509 itaque

403 1528 645 1573 Saxonum
675 1541 765 1588 pro
794 1541 956 1570 rerum
986 1523 1348 1587 opportunitate
1376 1523 1640 1587 dispositis,
1667 1540 1750 1569 rex
1777 1523 1825 1568 in

402 1603 651 1649 Franciam
686 1600 961 1648 revertitur.
1002 1600 1064 1645 Et
1099 1617 1208 1645 cum
1243 1599 1528 1664 Aquisgrani
1568 1599 1823 1654 hiemaret,

404 1681 556 1726 VVido
581 1696 738 1726 comes
757 1695 809 1723 ac
829 1676 1082 1741 praefectus
1108 1677 1359 1723 Brittanici
1386 1678 1579 1734 limitis,
1606 1678 1717 1741 qui,
1744 1694 1828 1723 eo-

405 1758 511 1804 dem
529 1773 675 1813 anno,
699 1773 808 1802 cum
828 1756 966 1801 sociis
986 1753 1242 1802 comitibus
1264 1765 1414 1802 totam
1427 1757 1704 1802 Brittonum
1719 1771 1829 1819 pro-

407 1835 612 1881 vinciam
626 1833 1012 1895 perlustraverat,
1028 1850 1157 1879 arma
1173 1833 1349 1878 ducum
1363 1834 1444 1897 qui
1461 1852 1507 1880 se
1525 1833 1827 1889 dediderunt,

411 1912 649 1975 inscriptis
681 1910 983 1975 singulorum
1016 1908 1319 1967 nominibus,
1353 1909 1540 1956 detulit.
1569 1910 1832 1957 Videbatur

413 1989 540 2035 enim
565 1988 696 2052 quod
718 2005 767 2033 ea
788 1987 1036 2051 provincia
1071 1998 1171 2031 tum
1194 1997 1313 2032 esset
1332 2004 1386 2033 ex
1411 1997 1516 2033 toto
1538 1986 1726 2034 subacta
1742 2023 1755 2043 ,
1787 1996 1833 2033 et

415 2077 560 2124 esset,
588 2066 679 2111 nisi
704 2064 897 2128 perfidae
917 2064 1071 2128 gentis
1097 2063 1377 2110 instabilitas
1401 2065 1498 2111 cito
1524 2064 1569 2110 id
1591 2066 1663 2128 (2)
1685 2064 1832 2111 alior-

416 2161 520 2189 sum
552 2159 687 2188 more
716 2141 857 2188 solito
891 2151 1243 2188 commutasset.
1279 2141 1429 2187 Allata
1459 2151 1573 2187 sunt
1599 2151 1645 2188 et
1677 2141 1830 2206 signa,

417 2239 524 2284 quae
558 2220 724 2266 occisis
764 2220 812 2263 in
849 2219 1074 2282 Majorica
1119 2219 1293 2265 Mauris
1332 2218 1640 2283 praedonibus
1676 2229 1834 2283 erepta

420 2300 633 2344 fuerunt.
658 2298 721 2342 Et
744 2295 870 2341 Azan
893 2297 1201 2351 Sarracenus,
1230 2296 1482 2359 praefectus
1505 2296 1636 2342 Oscae
1649 2331 1663 2353 ,
1687 2296 1835 2343 claves

422 2375 552 2421 urbis
588 2392 697 2421 cum
722 2374 822 2419 aliis
851 2374 988 2420 donis
1021 2375 1117 2438 regi
1145 2375 1298 2430 misit,
1334 2375 1620 2438 promittens
1655 2391 1756 2420 eam
1790 2390 1836 2420 se

424 2455 696 2501 dediturum
726 2453 799 2516 (ὅ)
818 2489 830 2509 ,
864 2453 897 2498 si
928 2453 1261 2516 opportunitas
1290 2454 1516 2501 eveniret..
1547 2451 1635 2499 Sed
1664 2462 1710 2499 et
1737 2468 1835 2498 mo·

475 2600 483 2641 ζ
495 2611 502 2630 1
517 2608 523 2638 j
551 2597 667 2629 Ruen.
686 2607 777 2628 com.
796 2594 1030 2628 Not-dlm'clix.
1054 2594 1201 2628 Freher.
1225 2593 1441 2628 ss'ordlum's:

474 2656 525 2699 (11.)
555 2654 732 2687 Frclierus
755 2670 758 2685 τ
782 2656 850 2686 cil«)
868 2655 1040 2687 (culmum,

480 2713 523 2746 '33
555 2714 668 2746 Nnc-11.
692 2725 810 2746 coines.
829 2719 859 2746 et
885 2712 922 2744 lc).
946 2713 1058 2757 Βοιαὶ.
1085 2712 1302 2745 traditurum
