2043 3193
522 162 564 199 14
852 160 975 198 VITA
1006 159 1196 197 KAROLI
1231 157 1593 196 IMPERATORIS.

515 258 603 294 ret.
628 248 865 310 Susceptae
884 256 994 293 sunt
1013 247 1239 310 utrinque
1260 244 1557 291 conditiones
1571 281 1582 300 ‚
1604 254 1650 291 et
1668 263 1774 308 pars
1793 245 1924 309 regni

513 324 646 370 divisi
673 326 807 388 juxta
841 323 1039 370 modum
1073 322 1162 369 sibi
1195 322 1496 386 propositum
1521 320 1579 366 ab
1613 331 1818 386 utroque
1846 338 1927 367 re-

516 411 649 464 cepta
674 410 759 448 est.
787 401 1057 465 Mansitque
1088 401 1169 445 ista
1187 436 1199 456 ‚
1232 399 1444 464 quamvis
1474 416 1583 444 cum
1605 416 1784 444 summa
1811 398 1927 444 diffi-

514 478 689 524 cultate
708 513 719 533 ‚
755 476 1033 532 concordia,
1070 477 1231 522 multis
1261 494 1316 523 ex
1345 485 1478 540 parte
1508 475 1819 521 Karlomanni
1849 492 1930 522 so-

516 556 734 603 cietatem
770 572 981 619 separare
1017 552 1323 601 molientibus
1339 590 1350 609 ‚
1387 552 1502 600 adeo
1540 564 1594 598 ut
1627 553 1820 617 quidam
1852 569 1929 599 eos

516 634 656 680 etiam
679 633 807 679 bello
830 633 1130 679 committere
1153 632 1248 677 sint
1272 630 1504 678 meditati.
1528 629 1616 677 Sed
1637 630 1687 676 in
1712 629 1803 676 hoc
1824 629 1930 693 plus

515 710 796 773 suspicionis
817 710 884 771 (1)
905 725 1049 773 quam
1067 707 1264 772 periculi
1285 707 1427 754 fuisse
1441 746 1452 767 ,
1477 708 1574 771 ipse
1598 724 1759 753 rerum
1780 706 1930 753 exitus

516 787 821 852 approbax-it‚
859 804 994 842 cum,
1029 785 1257 832 defuncto
1290 786 1647 841 Karlommmo,
1683 801 1805 832 uxor
1834 785 1931 847 ejus

519 877 564 912 et
586 866 669 912 filii
696 882 804 911 cum
824 863 1110 928 quibusdam
1127 864 1209 928 qui
1231 882 1286 910 ex
1306 864 1593 927 optimatum
1614 866 1711 926 ejus
1730 880 1932 908 numero

519 945 752 1006 primores
771 952 932 998 erant,
958 941 1140 987 Italiam
1163 941 1272 1005 fuga
1292 942 1429 1004 petiit
1453 941 1552 1003 (2),
1577 951 1623 987 et
1648 939 1790 985 nullis
1810 939 1933 986 exis-

519 1020 731 1067 tentibus
765 1021 937 1075 causis,
972 1030 1132 1083 spreto
1162 1020 1320 1064 mariti
1353 1018 1524 1074 fratre,
1557 1017 1644 1064 sub
1674 1016 1928 1074 Desiderii,

517 1098 637 1162 regis
662 1096 1085 1162 Langobardorum
1107 1097 1206 1159 (ὅ),
1234 1097 1556 1160 patrocinium
1580 1113 1626 1142 se
1645 1113 1753 1141 cum
1774 1094 1933 1142 liberis

517 1177 609 1221 suis
633 1175 839 1222 contulit
857 1175 945 1237 (4).
972 1175 1035 1221 Et
1054 1175 1403 1221 Karlomannus
1420 1174 1612 1238 quidem
1636 1184 1743 1238 post
1761 1175 1935 1220 ammi-

519 1253 772 1297 nistratum
796 1251 1116 1297 communiter
1139 1250 1336 1297 biennio
1360 1267 1561 1314 regnum
1579 1250 1752 1297 morbo
1776 1251 1933 1298 deces-

520 1330 604 1385 sit3
648 1329 718 1391 (5)
757 1328 959 1374 Karolus
997 1338 1153 1373 autem
1171 1363 1183 1382 ‚
1224 1327 1371 1373 fratre
1403 1327 1631 1374 defuncto
1646 1364 1658 1384 ,
1701 1345 1932 1375 consensu

519 1406 735 1451 omnium
759 1405 1054 1451 Francorum
1083 1421 1165 1450 rex
1197 1404 1525 1451 constituitur.

587 1636 668 1684 IV.
708 1638 778 1683 De
811 1639 940 1700 cujus
970 1638 1216 1684 nativitate
1247 1649 1387 1702 atque
1417 1636 1614 1683 infantia
1633 1673 1646 1693 ,
1683 1637 1756 1683 vel
1793 1637 1934 1683 etiam

519 1716 746 1778 pueritia,
785 1716 891 1780 quia
919 1733 1073 1780 neque
1097 1716 1283 1780 scriptis
1313 1733 1511 1780 usquam
1540 1715 1604 1777 (6)
1640 1714 1820 1779 aliquid
1849 1713 1935 1761 de-

523 1792 749 1837 claratum
769 1803 836 1839 est
853 1829 863 1847 ,
887 1810 1040 1858 neque
1061 1794 1312 1858 quisquam
1331 1793 1474 1840 modo
1495 1810 1732 1857 superesse
1754 1793 1936 1839 inveni-

526 1880 627 1925 tur,
669 1871 753 1934 qui
793 1870 967 1917 horum
1002 1889 1048 1917 se
1085 1872 1210 1917 dicat
1240 1870 1412 1917 habere
1446 1871 1696 1927 notitiam,
1730 1869 1937 1916 scribere

525 1947 739 2010 ineptum
758 1947 998 2012 judicans,
1029 1949 1086 1994 ad
1111 1959 1239 1994 actus
1265 1959 1310 1995 et
1336 1965 1491 1994 mores
1513 1960 1796 2012 caeterasque
1824 1948 1935 1992 vitae

525 2024 647 2070 illius
687 2037 841 2089 partes
879 2026 1173 2090 explicandas
1206 2044 1257 2072 ac
1292 2026 1710 2082 demonstrandas,
1754 2025 1936 2072 omissis

526 2102 804 2166 incognitis,
829 2103 1029 2149 transire
1052 2102 1284 2166 disposui3
1317 2104 1377 2148 ita
1405 2113 1560 2149 tamen
1582 2102 1653 2166 (7)
1668 2138 1683 2157 ,
1704 2112 1758 2147 ut
1777 2101 1935 2165 primo

572 2252 621 2295 (ι)
647 2252 771 2295 Pertz,
793 2263 875 2285 cum
890 2263 963 2286 non
979 2252 1088 2287 nullis
1106 2253 1212 2287 codd.
1236 2255 1406 2299 suspecti.

571 2312 621 2355 (¹2)
647 2310 808 2345 Nuenar.
827 2323 921 2345 com.
943 2318 981 2345 et
997 2312 1113 2359 Marq.
1135 2312 1316 2347 Freherus
1335 2328 1340 2345 1
1361 2317 1511 2357 peteret.

571 2367 621 2414 (5)
647 2368 705 2403 Al.
730 2369 1073 2415 Longobardorzmz.

571 2431 623 2472 (4)
651 2429 812 2463 Nuenar.
830 2441 922 2464 com.
944 2437 980 2464 et
996 2430 1111 2477 Marq.
1130 2430 1312 2464 Freherus
1329 2446 1335 2464 t
1358 2428 1520 2477 offerret.

575 2487 624 2533 (5)
650 2489 876 2523 Pertzianam
895 2488 1110 2525 divisionem
1130 2492 1370 2533 retinuimus3
1392 2491 1451 2523 hic
1471 2495 1590 2523 autcni
1610 2487 1651 2520 D.
1675 2487 1883 2533 bouquetus
1900 2492 1936 2520 ct

534 2548 588 2581 ,ihi
610 2548 767 2583 “litores
787 2550 914 2596 capitis
932 2562 965 2583 lv
981 2551 1128 2585 initium
1150 2558 1303 2597 ponunt.

578 2606 626 2643 16)
654 2607 777 2641 Plures
797 2609 900 2642 codd.
926 2623 1096 2655 unquam.

581 2667 625 2708 (Ξ
655 2666 707 2697 (Iiv
730 2667 1048 2709 511‹=t·›11ii,=xugust
1089 2680 1163 2713 cap.
1182 2680 1214 2712 ς).
