1924 3183
409 166 490 203 316
927 166 1303 207 HLUDOWICUS.

412 253 594 299 tionem
620 252 770 315 pacti,
795 269 937 317 quam
963 254 1058 301 Leo
1083 255 1343 319 imperator
1373 256 1438 302 eis
1462 256 1678 315 dederat,
1699 260 1837 308 detu—

410 329 589 376 lerunt.
618 328 710 389 Qui
746 330 872 377 inter
906 340 1073 378 eaetera
1107 342 1248 379 terrae
1285 343 1474 381 motum
1510 336 1838 397 gravissimum

412 423 573 454 mense
597 417 797 471 augusto
826 425 912 472 per
938 410 1194 457 continuos
1219 410 1434 475 quinque
1458 410 1554 459 dies
1586 412 1651 459 ibi
1678 415 1839 461 conti-

411 483 530 548 gisse
549 484 837 543 retulerunt,
869 503 967 551 quo
987 496 1033 533 et
1058 487 1202 551 ipsius
1221 485 1354 533 urbis
1376 487 1575 535 aedificia
1595 490 1841 554 complura

415 559 658 619 cecidisse,
681 574 728 609 et
752 563 951 610 aliarum
976 565 1224 611 civitatum
1242 564 1445 629 populos
1468 567 1621 613 ruinis
1643 584 1843 631 oppres-

414 655 489 685 sos
513 656 609 686 esse
630 640 786 686 testati
811 652 939 688 sunt.
968 642 1058 688 Sed
1080 651 1126 689 et
1153 642 1202 688 in
1228 641 1378 688 Gallia
1402 643 1654 701 Santones,
1679 644 1841 690 civitas

414 716 686 781 Aquitaniae
698 753 712 774 ,
741 736 902 766 mense
927 719 1219 783 septembrio
1238 719 1416 766 dicitur
1430 721 1695 769 tremuisse.
1716 722 1843 768 Hre—

416 812 505 841 nus
544 795 714 842 fluvius
750 796 938 860 Alpinis
979 797 1213 844 imbribus
1249 809 1440 857 auctus,
1483 798 1609 846 ultra
1647 799 1843 846 solitum

416 873 688 919 exundavit.
718 874 952 932 Romani,
982 893 1092 921 cum
1125 877 1334 924 Leonem
1358 895 1527 940 papam
1559 877 1844 942 aegritudine

415 950 693 999 decubuisse
727 952 975 1009 viderent,
1021 953 1217 1000 collecta
1253 972 1425 1011 manu,
1468 956 1630 1002 omnia
1666 955 1844 1020 praedia

416 1046 524 1093 quae
557 1029 681 1075 idem
710 1030 931 1094 pontifex
966 1031 1015 1077 in
1047 1031 1342 1095 singularum
1372 1032 1620 1079 civitatum
1647 1034 1845 1081 territo-

417 1107 500 1152 riis
531 1107 721 1154 noviter
751 1119 1051 1165 extruxerat,
1078 1109 1239 1173 primo
1263 1108 1523 1173 diripiunt,
1549 1110 1721 1158 deinde
1751 1111 1844 1156 im-

416 1183 560 1231 misso
600 1184 707 1248 igne
738 1196 982 1242 cremant,
1024 1197 1128 1232 tum
1164 1187 1367 1233 Romam
1407 1187 1476 1233 ire
1513 1197 1759 1244 statuunt,
1799 1198 1846 1234 et

416 1279 525 1326 quae
561 1261 651 1308 sibi
681 1274 842 1328 erepta
876 1262 1204 1328 querebantur
1225 1264 1463 1312 violenter
1493 1264 1697 1312 auferre.
1736 1265 1845 1325 Quo

418 1349 696 1402 comperto,
723 1339 1026 1387 Bernhardus
1049 1358 1157 1397 rex,
1187 1341 1324 1387 missa
1351 1358 1496 1387 manu
1519 1358 1605 1405 per
1624 1342 1691 1387 W
1696 1341 1844 1405 inigi-

418 1432 523 1461 sum
548 1414 717 1464 ducem
744 1417 1062 1482 Spolitinum,
1096 1428 1142 1465 et
1169 1418 1452 1466 seditionem
1484 1419 1612 1465 illam
1639 1418 1840 1476 sedavit,

419 1504 466 1540 et
502 1512 580 1542 eos
616 1495 675 1541 ab
712 1496 905 1560 incepto
941 1497 1015 1561 (1)
1045 1496 1268 1544 desistere
1297 1496 1442 1546 fecit:
1472 1514 1677 1562 quaeque
1708 1507 1844 1544 erant

420 1584 573 1637 gesta,
603 1593 688 1639 per
713 1575 888 1641 legatos
914 1575 1190 1640 imperatori
1219 1575 1477 1622 nuntiavit.

992 2097 1283 2145 DCCCXVI.

492 2197 655 2244 Hieme
681 2205 941 2254 transacta,
972 2196 1178 2243 Saxones
1210 2206 1256 2242 et
1288 2194 1540 2242 orientales
1570 2193 1740 2240 Franci
1767 2209 1851 2239 ex-

426 2275 720 2340 peditionem
751 2275 800 2321 in
828 2273 1033 2322 sorabos
1068 2274 1287 2330 Sclavos,
1326 2274 1408 2338 qui
1445 2273 1573 2319 dieto
1611 2271 1851 2317 audientes

428 2370 528 2400 non
555 2362 719 2409 erant,
748 2351 903 2399 facere
925 2352 1069 2416 jussi,
1106 2352 1335 2415 imperata
1359 2361 1551 2396 strenue
1581 2347 1853 2412 compleve-

429 2440 570 2487 runt,
599 2441 646 2477 et
677 2430 1033 2477 contumacium
1074 2428 1315 2475 audaciam
1351 2444 1450 2474 non
1485 2442 1657 2490 magno
1690 2423 1853 2470 labore

431 2518 830 2571 compresserunt.
854 2507 974 2553 Nam
994 2525 1088 2554 una
1106 2507 1294 2552 civitate
1313 2514 1575 2569 expugnata
1589 2539 1602 2560 ,
1624 2501 1853 2567 quicquid

482 2694 529 2735 (a)
557 2692 598 2724 1).
624 2692 735 2737 ssouq.
758 2705 839 2726 cum
862 2692 1021 2726 Nuenar.
1047 2703 1137 2725 com.
1159 2704 1179 2722 a
1197 2696 1322 2734 empto.
