2043 3193
463 130 514 169 -1'0
800 130 920 167 VITA
952 130 1144 168 KAROLI
1178 129 1539 170 IMPERATORIS.

464 216 679 272 excedat,
713 233 821 275 cum
854 217 901 262 in
931 218 1092 263 multis
1118 217 1232 264 locis
1265 219 1560 264 contractior
1593 219 1879 266 inveniatur.

462 296 600 340 Hunc
619 294 785 340 multae
806 295 1153 341 circumsedent
1174 295 1410 351 nationes,
1435 296 1555 341 Dani
1580 296 1811 360 siquidem
1831 314 1884 342 ac

462 374 670 419 Sueones
700 373 786 435 (1),
818 390 936 438 quos
975 373 1301 419 Nortmannos
1325 373 1395 435 (2)
1427 390 1674 430 vocamus,
1695 377 1755 421 ‘et
1777 392 1885 437 sep-

465 451 749 497 tentrionale
781 451 916 497 littus
952 461 999 497 et
1028 468 1195 497 omnes
1229 452 1276 497 111
1314 468 1369 498 eo
1401 451 1573 497 insulas
1610 462 1793 499 tenent.
1824 453 1886 497 At

462 530 595 575 littus
613 529 814 576 australe
841 530 991 576 Sclavi
1019 539 1065 576 et
1088 529 1208 575 Aisti
1230 531 1315 593 (ὅ),
1339 540 1385 577 et
1401 530 1507 577 aliae
1528 530 1725 577 diversae
1748 531 1888 578 inco-

463 608 570 653 lunt
600 608 838 663 nationes3
871 608 997 654 inter
1028 623 1148 671 quos
1175 607 1249 653 vel
1276 608 1505 672 praecipui
1541 618 1677 664 sunt,
1713 607 1889 672 quibus

464 695 579 730 tunc
597 703 621 730 a
636 702 745 750 rege
760 683 939 730 bellum
967 683 1279 741 inserebatur,
1293 684 1533 731 Welatabi
1552 685 1640 749 (A).
1664 685 1794 744 Quos
1810 684 1889 732 ille

464 778 556 807 una
580 771 768 807 tantum
787 797 800 816 ,
829 771 876 807 et
899 778 1041 825 quam
1062 777 1148 824 per
1172 778 1218 807 se
1242 771 1468 826 gesserat,
1496 761 1800 826 expeditione
1825 761 1885 806 ita

465 837 685 884 contudit
715 839 785 902 (5)
814 855 866 883 ac
897 837 1116 893 domuit,
1155 848 1211 883 ut
1239 837 1437 885 ulterius
1473 838 1698 901 imperata
1736 837 1890 884 facere

465 915 664 961 minime
688 913 987 961 renuendum
1009 913 1296 978 judicarent.

531 1054 666 1100 XIII.
705 1053 964 1099 Maximum
1000 1054 1220 1100 omnium
1259 1071 1368 1118 quae
1402 1053 1460 1099 ab
1498 1054 1581 1100 1110
1619 1064 1746 1118 gesta
1781 1064 1893 1099 sunt

467 1130 731 1187 bellorum,
768 1141 943 1194 praeter
981 1131 1266 1178 Saxonicum
1281 1167 1295 1190 ‚
1334 1131 1445 1177 huic
1477 1130 1605 1178 bello
1645 1131 1889 1188 successit,

469 1208 583 1254 illud
607 1207 825 1254 videlicet
839 1243 850 1263 ,
872 1208 1003 1272 quod
1026 1219 1194 1254 contra
1221 1209 1394 1254 Avares
1415 1209 1485 1272 (ὃ)
1504 1208 1578 1255 vel
1608 1212 1772 1255 Hunos
1789 1225 1895 1254 sus-

470 1296 662 1348 ceptum.
696 1296 781 1331 est.
820 1285 961 1344 Quod
988 1284 1067 1332 ille
1096 1296 1142 1331 et
1167 1285 1425 1332 animosius
1450 1303 1594 1350 quam
1627 1295 1822 1342 caetera,
1849 1295 1896 1331 et

470 1364 610 1427 longe
631 1364 797 1427 majori
818 1374 1045 1428 apparatu
1068 1364 1433 1411 administravit.
1456 1364 1613 1411 Unam
1630 1374 1787 1411 tamen
1811 1382 1896 1428 per

471 1457 517 1486 se
538 1441 586 1485 in
604 1441 900 1487 Pannoniam
922 1470 986 1476 —
1003 1459 1114 1487 nam
1135 1441 1257 1488 hanc
1273 1442 1571 1505 provinciam
1590 1458 1641 1487 ea
1659 1459 1773 1506 gens
1792 1452 1896 1487 tum

473 1516 786 1563 incolebat—
802 1518 1155 1581 expeditionem
1177 1518 1317 1574 fecit3
1346 1529 1537 1565 caeteras
1562 1518 1662 1565 filio
1685 1536 1771 1565 suo
1789 1519 1897 1582 Pip-

470 1595 589 1657 pino
612 1611 664 1640 ac
689 1594 926 1658 praefectis
960 1596 1346 1659 provinciarum,
1378 1595 1632 1643 comitibus
1657 1597 1799 1643 etiam
1822 1607 1899 1643 at-

474 1690 566 1736 que
599 1673 787 1737 legatis,
822 1674 1131 1737 perficiendas
1157 1675 1412 1720 commisit.
1448 1674 1587 1734 Quod
1608 1692 1718 1721 cum
1740 1674 1798 1720 ab
1828 1675 1898 1721 his

477 1751 798 1798 strenuissime
814 1752 979 1798 fuisset
997 1751 1382 1798 administratum
1395 1789 1408 1809 ,
1432 1763 1600 1800 octavo
1617 1754 1685 1816 (7)
1707 1753 1897 1801 tandem

481 1960 496 1975 ι(
515 1944 739 1988 Bredowius,
754 1958 836 1992 pag.
861 1958 936 1994 170,
956 1946 1004 1980 ita
1017 1953 1053 1980 et
1064 1946 1229 1980 codicem
1242 1947 1480 1981 Bodleianum
1493 1948 1613 1994 legere
1628 1948 1898 1987 animadvertit,

480 2005 579 2052 quod
599 2005 695 2039 unde
714 2006 887 2040 habuerit
901 2006 991 2040 mihi
1012 2019 1085 2041 non
1101 2007 1217 2053 liquet
1229 2035 1237 2050 ‚
1257 2019 1373 2054 quum
1389 2007 1625 2042 Schminkius
1638 2035 1647 2051 ,
1670 2020 1705 2054 p.
1721 2007 1779 2052 65,
1799 2020 1840 2042 ea
1857 2008 1902 2042 di*

482 2077 519 2097 1-1·
537 2064 630 2098 nihil
646 2065 757 2099 (licat.
776 2080 791 2096 »
812 2066 977 2110 (Pertz.)

530 2126 580 2170 (1)
606 2125 678 2160 All.
703 2126 903 2168 Szcamnes,
926 2126 1146 2167 Suessones,
1169 2126 1323 2160 Suanos.

528 2185 578 2228 (2)
604 2183 676 2218 All.
713 2184 997 2227 Nordmcmnos,
1027 2185 1332 2227 Nordemannos,
1364 2184 1621 2227 Normannos,
1657 2185 1902 2225 ivorlmtznm,

484 2243 697 2278 st‘m‘manos
706 2272 713 2287 ‚
735 2244 1003 2279 Norminnnos.

532 2301 580 2348 (3)
606 2303 677 2337 All.
699 2303 841 2347 Haistz',
866 2305 1003 2347 Aistri,
1025 2304 1161 2349 Agisti.

530 2364 579 2408 (4)
604 2363 674 2398 All.
700 2364 941 2406 Ulcelallzabi,
969 2363 1205 2405 Uuelaetaffi,
1226 2362 1306 2397 vide
1325 2375 1445 2409 supra.

531 2421 582 2468 (5)
607 2424 697 2457 Cod.
714 2424 853 2459 Christ.
872 2424 1003 2471 Regin.
1022 2423 1089 2470 692
1110 2439 1116 2457 z
1138 2424 1318 2469 perculit;
1339 2421 1420 2457 cod.
1438 2423 1603 2457 Gothan.
1626 2424 1804 2456 contrivit.

532 2482 580 2526 (6)
606 2483 676 2518 All.
699 2485 859 2526 Λατῖνος,
883 2485 1044 2519 Abaros.

534 2544 584 2590 (7)
610 2544 728 2578 Codd.
749 2545 962 2579 vindobon.
987 2543 1074 2587 5583
1099 2543 1238 2578 Christ.
1259 2542 1392 2588 Regin.
1415 2541 1502 2588 692;
1525 2540 1738 2576 vindobon.
1759 2539 1849 2583 654;
1871 2547 1908 2574 et

489 2602 697 2648 Blarquaril.
724 2605 902 2638 Frchcrus
925 2621 929 2637 ς
957 2616 1045 2638 vnn.
1067 2623 1112 2629 -—
1131 2602 1223 2638 Cod.
1247 2601 1460 2639 Vindobon.
1486 2600 1571 2635 1068
1594 2616 1599 2634 ;
1621 2613 1729 2634 nono.
