1924 3183
420 173 489 210 188
990 167 1240 205 KAROLUS.

414 258 543 303 vium
559 291 571 311 ,
602 256 649 300 in
676 254 781 300 loco
799 254 880 318 qui
901 254 1038 300 Ferdi
1053 255 1123 316 (ῑ)
1143 263 1358 308 vocatur,
1373 254 1504 315 jussu
1526 252 1646 316 regis
1664 269 1825 299 omnes

416 350 509 379 una
531 331 606 378 die
625 330 843 378 decollati
862 342 989 378 sunt.
1014 329 1294 394 Hujusmodi
1319 328 1525 374 vindicta
1542 338 1824 392 perpetrata,

417 429 498 458 rex
524 408 785 457 Theodone
818 409 927 455 villa
961 410 1027 471 (2)
1061 409 1110 455 in
1142 407 1339 454 hiberna
1377 407 1631 462 concessit,
1672 404 1829 471 ibique

421 486 622 534 natalem
639 486 852 543 Domini,
880 485 944 531 ibi
970 497 1016 533 et
1042 484 1210 532 Pascha
1235 502 1370 531 more
1393 483 1534 531 solito
1558 482 1826 530 celebravit.

926 626 1041 672 DCC
1050 626 1323 672 LXXXIII.

488 733 741 780 Arridente
776 734 898 780 veris
937 733 1162 796 temperie
1179 768 1191 788 ,
1239 749 1347 777 cum
1391 730 1448 777 ad
1487 730 1837 794 expeditionem

423 811 701 857 Saxonicam
727 828 773 857 se
806 821 1107 874 praeparasset
1128 811 1260 873 (nam
1289 808 1345 855 de
1365 807 1639 856 omnimoda
1672 824 1838 854 eorum

424 888 692 934 defectione
713 887 770 933 ad
792 905 899 934 eum
918 887 1152 951 perlatum
1172 886 1353 948 fuerat)
1370 887 1647 951 priusquam
1667 885 1724 932 de
1745 902 1840 931 me-

425 976 606 1013 morata
628 965 735 1011 villa
763 976 977 1012 moveret
995 965 1070 1028 (ὅ)
1097 964 1388 1028 Hildegardis
1411 965 1572 1028 regina
1597 980 1719 1010 uxor
1744 965 1839 1026 ejus

425 1043 618 1090 decessit
657 1061 709 1089 15.
744 1043 850 1088 Kal.
892 1043 1052 1088 Maias.
1085 1043 1227 1105 Cujus
1252 1040 1410 1108 funeri
1450 1059 1559 1086 cum
1594 1058 1727 1087 more
1766 1057 1840 1086 so-

427 1120 571 1167 lemni
593 1121 711 1183 justa
733 1121 1024 1184 persolveret
1042 1121 1130 1183 (4),
1162 1121 1209 1165 in
1236 1120 1487 1166 Saxoniam
1505 1155 1516 1174 ,
1539 1120 1660 1165 sicut
1683 1118 1842 1182 dispo-

427 1200 571 1245 situm
596 1198 799 1246 habebat
819 1200 907 1262 (5),
933 1198 1070 1244 duxit
1093 1199 1371 1244 exercitum.
1397 1198 1612 1262 Cumque
1637 1197 1842 1242 Saxones

429 1277 477 1321 in
494 1294 550 1323 eo
569 1276 675 1323 loco
694 1277 775 1341 qui
801 1275 1089 1323 Theotmelli
1106 1286 1304 1322 vocatur
1317 1311 1329 1332 ,
1353 1274 1410 1321 ad
1431 1269 1638 1339 pugnam
1658 1292 1704 1321 se
1723 1290 1843 1337 prae-

428 1371 590 1417 parare
611 1354 938 1418 comperisset,
962 1352 1017 1399 ad
1036 1370 1114 1399 eos
1132 1363 1306 1417 quanta
1332 1353 1492 1417 potuit
1511 1352 1581 1416 (6)
1607 1352 1843 1399 celeritate

431 1430 702 1487 contendit,
739 1431 1087 1495 commissoque
1123 1448 1232 1475 cum
1263 1430 1327 1476 eis
1365 1429 1560 1494 praelio,
1596 1439 1724 1475 tanta
1765 1445 1842 1475 eos

432 1506 557 1554 caede
579 1507 864 1571 prostravit,
895 1517 948 1552 ut
969 1506 1025 1553 de
1058 1505 1397 1553 innumerabili
1427 1523 1594 1552 eorum
1622 1505 1845 1551 multitu-

432 1584 542 1631 dine
559 1585 782 1649 perpauci
798 1585 990 1631 evasisse
1008 1583 1246 1630 dieantur.
1266 1585 1481 1648 Cumque
1497 1583 1553 1630 de
1572 1583 1677 1630 loco
1693 1582 1846 1646 praelii

433 1664 489 1710 ad
529 1663 807 1709 Padrabrun
844 1681 889 1709 se
922 1680 1027 1709 cum
1057 1663 1266 1709 exercitu
1292 1662 1572 1725 recepisset,
1608 1671 1748 1725 atque
1783 1659 1847 1706 ibi

434 1742 594 1787 castris
621 1741 786 1805 positis
810 1751 994 1805 partem
1025 1740 1285 1798 exercitus,
1312 1757 1418 1804 quae
1445 1738 1597 1786 adhue
1618 1738 1675 1785 de
1699 1739 1849 1784 Fran-
1912 1768 1913 1771 =

434 1821 502 1866 cia
536 1819 698 1866 venire
733 1817 983 1873 debuerat,
1023 1819 1318 1881 operiretur,
1349 1817 1529 1863 audivit
1565 1821 1769 1864 Saxones
1801 1817 1849 1861 in

435 1896 610 1943 finibus
652 1895 999 1943 westfalorum
1039 1913 1179 1959 super
1215 1895 1415 1941 fluvium
1456 1895 1627 1940 Hasam
1662 1892 1720 1939 ad
1759 1892 1850 1940 hoc

434 1975 737 2040 congregari,
764 1984 816 2019 ut
846 1972 909 2019 ibi
947 1990 1055 2019 cum
1081 1990 1164 2027 eo,
1194 1973 1227 2017 si
1255 1972 1481 2027 venisset,
1513 1972 1610 2018 acie
1635 1972 1704 2035 (7)
1729 1988 1851 2018 con-

482 2148 532 2193 (1)
557 2147 629 2182 All.
652 2146 805 2189 Ferdia,
824 2145 947 2180 Fredi.

482 2207 532 2251 (¹2)
557 2206 741 2240 Freherus
755 2221 760 2238 ς
776 2207 813 2239 in
836 2203 1070 2239 Theodonem
1084 2205 1224 2238 villam.
1248 2204 1291 2237 D.
1307 2203 1421 2250 Bouq.
1440 2214 1522 2237 cum
1536 2201 1684 2236 Nuenar
1698 2201 1847 2235 comite·

445 2265 653 2300 Theoclonis
668 2266 809 2299 villam.

486 2324 534 2369 (5)
562 2326 616 2359 Ita
635 2325 799 2358 Pei-tzius
825 2330 861 2357 et
887 2323 991 2358 codd.
1016 2323 1058 2356 D.
1084 2324 1196 2369 Bouq.
1224 2335 1306 2356 cum
1333 2322 1493 2356 Nuenar.
1519 2320 1651 2354 comite
1680 2335 1684 2352 z
1713 2332 1749 2352 sc
1777 2332 1851 2352 nw—

440 2392 548 2419 werel.

484 2444 533 2487 (4)
560 2443 709 2477 Freher.
740 2442 976 2487 pei‘mlveral.
1010 2442 1050 2473 Ι).
1079 2442 1192 2486 Bouq.
1215 2453 1296 2474 cuni
1326 2441 1485 2474 Nuenar.
1516 2440 1648 2472 comite
1676 2454 1680 2470 1
1712 2436 1853 2483 persol—

441 2505 559 2535 asssel.

486 2560 533 2605 (5)
562 2561 719 2595 Nueuar.
741 2572 860 2595 comes
883 2576 887 2592 z
911 2558 1153 2606 disposuerat.

490 2621 537 2665 (ὅ)
564 2620 617 2653 Id.
642 2623 885 2667 eognovisxel,
907 2619 960 2654 ad
978 2633 1036 2653 ens
1056 2632 1195 2654 sianum
1217 2619 1410 2652 celcrilalaet.

499 2681 541 2723 ’7)
570 2679 728 2713 Nucuar.
751 2691 869 2713 comes
892 2695 896 2711 ς
919 2692 1011 2713 acre.
