1924 3183
345 179 425 218 350
865 178 1241 218 HLUDOWICUS.

342 276 390 313 et
413 265 667 313 Harioldus
690 282 714 310 a
738 264 847 312 filiis
873 265 1127 313 Godofridi
1153 268 1204 313 in
1229 267 1503 314 societatem
1530 274 1664 334 regni
1694 289 1770 319 re-

343 354 531 407 66131115,
558 359 667 407 quae
690 359 764 389 res
787 343 1104 409 tranquillum
1130 343 1257 391 inter
1280 360 1359 390 eos
1384 343 1522 408 hujus
1543 349 1771 410 temporis

342 431 519 467 statum
533 421 695 468 fecisse
723 432 937 485 putatur.
970 421 1062 468 Sed
1085 422 1195 486 quia
1219 421 1481 485 Ceadragus
1506 422 1773 471 Abodrito-

341 516 451 544 rum
466 499 705 564 111-11166115,
723 499 936 563 perfidiae
957 509 1004 546 et
1019 501 1091 563 cuj
1098 499 1262 545 usdam
1273 516 1382 545 cum
1397 499 1505 546 filiis
1519 501 1772 548 Godofridi

340 576 479 624 factae
503 577 739 624 societatis
763 577 1041 634 notabatur,
1069 577 1318 634 Sclaomir,
1345 578 1543 625 aemulus
1568 581 1695 643 ejus,
1721 581 1772 626 111

342 655 546 717 patriam
578 655 861 710 remittitur,
899 655 982 719 qui
1017 671 1127 700 cum
1163 655 1214 700 in
1251 654 1506 701 Saxoniam
1538 657 1768 713 venisset,

343 733 628 797 {egritudine
657 731 914 791 decubuit,
944 743 1266 798 perceptoque
1289 731 1584 797 baptismatis
1616 752 1773 781 sacra-

345 821 537 868 mento,
566 810 822 858 defunctus
851 821 938 857 est.

410 889 714 935 Autumnalis
739 889 860 935 satio
888 889 1090 953 jugitate
1120 889 1391 953 pluviarum
1415 891 1463 937 in
1487 891 1774 956 quibusdam

344 966 462 1013 locis
490 965 715 1029 impedita
741 976 839 1022 est,
873 966 948 1012 cui
976 965 1126 1013 hiems
1157 967 1206 1012 in
1239 977 1428 1014 tantum
1458 969 1644 1032 prolixa
1671 986 1774 1015 suc-

347 1043 484 1090 cessit
507 1054 554 1089 et
576 1060 734 1106 aspera
749 1078 763 1099 ,
790 1052 845 1088 ut
867 1060 968 1089 non
993 1042 1149 1089 solum
1172 1043 1382 1091 minores
1404 1044 1492 1089 rivi
1519 1062 1571 1090 ac
1595 1045 1774 1093 medio-

346 1137 446 1167 cres
471 1119 633 1178 fluvii,
651 1137 819 1167 verum
846 1120 932 1183 ipsi
958 1121 1152 1166 maximi
1178 1138 1231 1167 ac
1258 1120 1559 1170 famosissimi
1584 1140 1769 1181 amnes,

346 1197 534 1243 Hrenus
559 1195 781 1243 videlicet
809 1213 861 1242 ac
886 1195 1159 1257 Danubius,
1184 1196 1413 1263 Albisque
1442 1216 1495 1245 ac
1526 1199 1770 1264 Sequana,

346 1283 612 1338 caeteraque
650 1291 737 1337 per
772 1273 975 1321 Galliam
1012 1284 1154 1339 atque
1189 1274 1497 1322 Germaniam
1532 1276 1774 1324 Oceanum

345 1352 554 1416 petentia
587 1352 786 1398 flumina
817 1353 934 1400 adeo
968 1353 1114 1400 solida
1146 1353 1293 1418 glacie
1328 1354 1695 1419 stringerentur,
1719 1366 1774 1400 ut

349 1430 542 1476 tricenis
563 1430 636 1476 vel
658 1447 714 1477 eo
737 1431 940 1494 amplius
962 1430 1128 1478 diebus
1147 1431 1355 1495 plaustra
1376 1431 1468 1477 huc
1488 1443 1629 1497 atque
1660 1432 1774 1478 111116

347 1509 661 1555 commeantia
688 1509 819 1556 velut
851 1508 1081 1573 pontibus
1105 1511 1273 1573 juncta
1300 1510 1618 1567 sustinerent,
1642 1511 1773 1573 cujus

345 1589 577 1636 resolutio
602 1606 702 1637 non
728 1589 972 1637 modicum
991 1590 1115 1637 villis
1133 1592 1268 1654 juxta
1290 1591 1438 1638 Hreni
1459 1590 1637 1638 fluenta
1663 1608 1775 1638 6011-

348 1666 526 1713 stitutis
548 1666 775 1716 damnum
803 1668 985 1714 intulit.

888 2169 1214 2216 DCCCXXII.

411 2286 468 2332 In
509 2285 704 2350 regione
740 2283 1105 2349 Thuringorum
1150 2284 1357 2349 quodam
1400 2285 1450 2331 in
1491 2285 1599 2333 1060
1633 2288 1768 2349 juxta

345 2362 599 2428 quemdam
634 2361 864 2419 fluvium,
905 2365 1051 2425 cespis
1083 2360 1382 2426 longitudine
1418 2362 1592 2425 pedum
1622 2362 1769 2426 quin-

345 2457 644 2504 quagenum,
673 2438 924 2485 latitudine
947 2437 1359 2503 quatuordenum,
1392 2438 1642 2485 altitudine
1669 2456 1768 2485 ses-

346 2516 608 2581 quipedali,
638 2516 694 2563 de
717 2527 841 2563 terra
861 2516 960 2562 sine
981 2514 1199 2562 manibus
1220 2526 1266 2562 et
1288 2516 1512 2579 praecisus
1534 2526 1580 2562 et
1606 2514 1767 2561 subla-

347 2604 420 2639 tus
452 2605 549 2651 est,
583 2605 630 2641 et
659 2594 717 2640 ab
747 2611 802 2641 60
838 2594 973 2651 1060,
1009 2594 1056 2639 111
1087 2610 1185 2658 quo
1217 2603 1432 2657 sumptus
1470 2603 1564 2655 est,
1594 2594 1764 2658 viginti

340 2672 557 2737 quinque
588 2672 762 2737 pedum
794 2673 946 2737 spatio
973 2672 1151 2719 distans
1184 2673 1404 2719 inventus
1436 2683 1522 2719 est.
1560 2674 1679 2721 Item
1714 2672 1763 2718 in
