1924 3183
439 170 513 206 16ss
1011 166 1259 204 RAROLUS.

439 263 583 309 terat,
611 252 940 299 discesserunt.
976 253 1113 312 Quod
1152 270 1260 298 cum
1293 253 1391 316 regi
1424 252 1587 300 fuisset
1622 253 1840 312 allatum,

436 340 611 396 quanta
642 331 800 395 potuit
825 330 1063 377 celeritate
1094 347 1367 386 accurrens,
1403 329 1690 395 fugientium
1718 341 1843 396 terga

437 409 700 467 insecutus,
726 425 942 473 magnam
984 425 1040 454 ex
1081 408 1145 453 eis
1169 406 1427 470 prostravit
1456 406 1841 464 multitudinem3

435 497 481 532 ct
516 496 616 532 tum
649 486 840 533 demum
873 485 1219 532 Westfalorum
1254 483 1496 532 obsidibus
1531 485 1754 548 acceptis,
1791 486 1847 532 ad

436 561 740 609 hiemandum
766 563 814 608 in
837 563 1083 608 Franciam
1106 562 1178 624 (1)
1202 561 1475 608 revertitur.

973 691 1315 739 DCCLXXVI.

500 793 609 856 Regi
642 791 839 839 domum
874 792 1132 837 revertenti
1166 791 1444 846 nuntiatur,
1473 789 1846 854 Hruodgaudum
1872 796 1875 797 ’

438 868 827 934 Langobardum,
853 886 995 933 quem
1021 868 1116 931 ipse
1148 866 1554 931 Forojuliensibus
1578 866 1746 913 ducem
1768 865 1851 913 de-

438 947 596 1003 derat,
625 947 673 992 in
694 945 823 992 ltalia
854 963 926 992 res
945 962 1090 992 novas
1113 944 1300 1001 moliri,
1324 954 1371 991 et
1382 946 1480 1008 jam
1507 943 1773 1008 complures
1795 942 1851 1000 ad

437 1042 544 1071 eum
563 1024 772 1070 civitates
794 1023 1029 1070 defecisse.
1052 1022 1124 1069 Ad
1149 1040 1267 1087 quos
1287 1033 1445 1069 motus
1468 1020 1852 1086 comprimendos

440 1119 548 1147 cum
567 1099 654 1146 sibi
676 1100 999 1147 festinandum
1012 1100 1246 1164 judicaret
1258 1135 1271 1157 ‚
1293 1100 1672 1147 strenuissimum
1690 1117 1852 1165 quem-

439 1197 531 1244 que
551 1181 621 1242 (2)
652 1196 848 1225 suorum
877 1196 1036 1226 secum
1059 1178 1258 1235 ducens,
1291 1179 1465 1242 raptim
1497 1178 1677 1224 Italiam
1705 1178 1852 1242 profi-

442 1257 657 1313 ciscitur,
695 1255 1110 1321 Hruodgaudoque
1151 1257 1232 1322 qui
1269 1273 1470 1321 regnum
1501 1254 1747 1303 affectabat
1775 1257 1854 1301 in-

443 1335 666 1390 terfecto,
691 1333 960 1380 civitatibus
979 1352 1196 1399 quoque,
1225 1352 1331 1399 quae
1354 1334 1411 1381 ad
1434 1352 1542 1382 eum
1565 1334 1851 1390 defecerant,

443 1413 542 1459 sine
566 1412 794 1459 dilatione
819 1412 1045 1476 receptiS,
1090 1423 1136 1459 et
1166 1413 1214 1459 in
1241 1413 1304 1459 eis
1338 1415 1632 1461 Francorum
1662 1413 1856 1459 comiti—

445 1489 532 1535 bus
553 1490 843 1547 constitutis‚
867 1489 1026 1537 eadem
1050 1508 1141 1554 qua
1161 1503 1353 1538 venerat
1380 1491 1626 1538 velocitate
1645 1508 1857 1539 reversus

446 1579 531 1613 est.
578 1568 662 1614 Cui
698 1570 776 1614 vix
802 1568 941 1632 Alpes
983 1578 1273 1633 transgresso
1310 1580 1624 1617 occurrerunt
1659 1570 1746 1632 (ὅ),
1775 1569 1855 1633 qui

446 1645 730 1691 nunciarent
746 1681 756 1699 ,
782 1644 1126 1709 AEresburgum
1145 1657 1348 1692 castrum
1367 1648 1434 1710 (4)
1451 1665 1473 1692 a
1494 1646 1759 1694 Saxonibus
1777 1665 1859 1693 ex-

445 1731 706 1786 pugnatum
723 1759 734 1781 7
763 1739 814 1767 ac
838 1721 1111 1785 praesidium
1137 1724 1428 1770 Francorum
1453 1723 1583 1789 quod
1609 1724 1655 1769 in
1689 1740 1745 1770 eo
1770 1740 1858 1787 po—

448 1811 604 1847 suerat
639 1800 911 1864 expulsum3
939 1799 1244 1866 Sigiburgum
1271 1801 1397 1848 aliud
1433 1802 1676 1848 castellum
1699 1819 1857 1865 oppu-

448 1887 644 1940 gnatum
669 1876 858 1941 quidem
880 1912 892 1933 ‚
936 1878 1015 1924 sed
1051 1895 1150 1924 non
1188 1888 1402 1942 captum,
1432 1896 1488 1925 eo
1511 1878 1639 1942 quod
1674 1878 1739 1924 hii
1775 1879 1855 1942 qui

451 1955 496 1999 in
532 1971 588 2000 eo
627 1971 758 1999 causa
782 1954 987 2018 preesidii
1021 1954 1211 2001 fuerant
1241 1956 1516 2012 constituti,
1552 1956 1674 2001 facta
1715 1973 1860 2019 erup-

450 2032 581 2078 tione
607 2032 818 2079 incautos
847 2043 986 2097 atque
1009 2033 1350 2096 oppugnationi
1385 2034 1593 2080 intentos
1612 2034 1816 2079 Saxones
1835 2051 1859 2078 a

453 2119 584 2172 tergo
606 2108 905 2164 invaserunt,
932 2119 978 2154 et
993 2108 1209 2172 plurimis
1240 2109 1500 2156 interfectis
1522 2110 1730 2173 reliquos
1760 2125 1858 2155 non

451 2184 604 2230 solum
648 2185 1054 2248 oppugnationem
1095 2184 1361 2242 dimittere,
1399 2186 1477 2232 sed
1511 2186 1652 2232 etiam
1699 2184 1860 2249 fugere

454 2260 812 2324 compulerunt,
835 2260 1136 2326 palantesque
1154 2279 1205 2307 ac
1219 2261 1451 2325 dispersos
1475 2262 1530 2308 ad
1545 2262 1760 2326 Lippiam
1784 2261 1858 2324 (5)

518 2439 548 2483 1)
574 2437 746 2472 Itahabet
759 2438 802 2471 D.
813 2438 926 2485 Bouq.
935 2451 1016 2473 cum
1029 2440 1176 2475 Freher.
1185 2448 1384 2487 etquatuor
1392 2440 1496 2475 codd.
1506 2441 1611 2475 Pertz
1624 2457 1629 2475 :
1644 2443 1681 2475 in
1689 2441 1858 2476 Francia.

512 2501 544 2543 2)
570 2497 686 2532 Codd.
709 2498 914 2532 Hannover.
937 2506 973 2533 et
993 2499 1207 2535 Vindobon.
1241 2513 1302 2534 110
1321 2509 1356 2535 et
1379 2512 1446 2547 990
1466 2517 1470 2533 :
1495 2514 1641 2535 szmrum
1661 2500 1858 2547 quendam.

511 2556 545 2601 3)
572 2556 688 2591 Iidem
709 2556 817 2591 codd.
840 2565 1054 2592 οσανν-θωπί
1074 2561 1107 2592 ei
1125 2562 1197 2606 qm'.

514 2619 547 2659 4)
574 2616 727 2650 Frchcr.
749 2622 784 2649 ct
805 2616 846 2648 D.
870 2617 982 2664 Bouq.
1002 2632 1120 2653 arcem
1129 2645 1197 2653 .....
1221 2624 1480 2664 (κιγηιςηαίαυῑ.

536 2677 544 2716 )
572 2675 639 2709 All.
667 2676 830 2720 Limam,
859 2677 1010 2711 Limam.
