1924 3183
374 213 452 249 ‘280
959 211 1209 249 KAROLUS.

377 298 595 344 rantibus
613 334 625 355 ,
650 299 839 363 cognita
866 300 1057 345 illorum
1082 298 1275 355 fraude,
1299 298 1528 345 discessit.
1557 299 1619 345 At
1646 301 1692 347 in
1716 319 1793 348 oc-

377 374 524 421 ciduis
544 374 756 438 partibus
778 377 874 439 (1),
892 375 1096 423 domnus
1115 373 1423 422 Hludowicus
1443 393 1523 422 rex
1540 394 1646 423 cum
1662 394 1792 424 exer-

375 452 473 497 citu
498 452 771 516 Hispaniam
797 457 1056 517 ingressus,
1084 451 1332 498 Dertosam
1354 452 1593 499 civitatem
1618 453 1667 499 in
1692 454 1793 518 ripa

378 527 541 575 Hiberi
570 530 639 592 (2)
674 529 887 576 fluminis
921 530 1058 576 sitam
1082 527 1296 586 obsedit,
1330 539 1712 595 consumptoque
1748 531 1795 577 in

377 607 735 670 oppugnatione
756 607 884 653 illius
901 607 1147 671 aliquanto
1168 616 1402 669 tempore,
1424 616 1677 671 postquam
1696 624 1797 653 eam

380 693 477 729 tam
501 684 597 731 cito
618 685 716 747 capi
744 701 843 730 non
863 701 998 748 posse
1017 683 1162 740 vidit,
1185 682 1373 729 dimissa
1395 682 1666 747 obsidione,
1691 701 1800 730 cum

382 761 607 807 incolumi
635 762 846 808 exercitu
873 762 921 807 in
939 761 1245 826 Aquitaniam
1265 779 1312 808 se
1332 762 1524 825 recepit.
1544 763 1801 827 Postquam

382 838 613 884 Ardulfus
639 857 721 885 rex
746 838 1265 886 Nordanhumbrorum
1290 838 1514 886 reductus
1537 851 1604 886 est
1630 840 1677 886 in
1697 859 1802 906 reg-

384 933 500 962 num
527 933 666 961 suum
682 952 694 972 ,
727 928 773 963 et
807 916 944 981 legati
982 917 1281 980 imperatoris
1304 929 1446 982 atque
1468 918 1709 982 pontificis
1731 937 1805 967 re-

384 993 504 1040 versi
531 1003 667 1050 sunt,
694 1011 816 1040 unus
847 1012 904 1040 ex
930 994 1022 1050 eis,
1050 993 1279 1040 Ardulfus
1307 994 1528 1042 videlicet
1550 995 1802 1055 diaconus,

385 1089 406 1115 a
428 1071 589 1134 piratis
608 1081 771 1134 captus
788 1081 874 1127 est,
898 1072 1080 1117 caeteris
1097 1071 1197 1117 sine
1213 1072 1426 1134 periculo
1452 1072 1778 1120 traicientibus
1791 1109 1803 1129 ,

386 1147 652 1213 ductusque
670 1146 729 1192 ab
757 1148 820 1193 eis
841 1148 888 1193 in
912 1148 1215 1205 Brittaniam,
1235 1166 1256 1193 a
1277 1149 1484 1214 quodam
1507 1150 1720 1197 Coenulfi
1739 1169 1808 1198 re-

387 1225 455 1288 gis
487 1224 682 1271 homine
715 1224 989 1289 redemptus
1021 1236 1120 1282 est,
1154 1227 1449 1292 Romamque
1481 1245 1711 1274 reversus.
1753 1230 1807 1275 In

389 1304 559 1350 Tuscia
585 1304 910 1367 Populonium
927 1340 938 1360 ‚
970 1304 1132 1350 civitas
1155 1305 1418 1362 maritima,
1447 1324 1472 1351 a
1497 1305 1699 1363 Graecis,
1726 1307 1807 1371 qui

390 1380 731 1445 01·0bi0tae(5)
756 1392 1007 1438 vocantur,
1035 1382 1304 1446 (lepraedata
1325 1394 1410 1430 est.
1440 1385 1591 1430 Mauri
1618 1403 1810 1450 quoque

389 1457 445 1504 de
465 1458 686 1521 Hispania
708 1458 949 1504 Corsicam
971 1459 1192 1523 ingressi,
1221 1460 1268 1506 in
1294 1461 1396 1524 ipso
1419 1472 1582 1508 sancto
1603 1461 1810 1507 Paschali

391 1533 587 1582 sabbato
621 1535 860 1582 civitatem
892 1536 1145 1601 quamdam
1179 1537 1514 1602 diripuerunt,
1556 1549 1603 1586 et
1638 1549 1813 1604 praeter

393 1615 668 1678 episcopum
692 1632 743 1660 ac
768 1632 942 1678 paucos
967 1632 1098 1662 senes
1121 1625 1264 1680 atque
1292 1615 1508 1663 infirmos
1533 1616 1652 1663 nihil
1684 1617 1731 1663 in
1761 1636 1812 1664 ea

396 1692 713 1756 reliquerunt.
741 1694 924 1739 Interea
945 1692 1238 1740 Godofridus
1264 1712 1345 1741 rex
1365 1696 1611 1740 Danorum
1634 1713 1717 1759 per
1738 1713 1815 1742 ne-

392 1770 651 1833 gotiatores
676 1769 906 1833 quosdam
927 1770 1190 1827 mandavit,
1215 1789 1262 1818 se
1285 1771 1490 1826 audisse,
1510 1773 1639 1835 quod
1666 1773 1817 1836 impe-

398 1857 528 1893 rator
553 1847 592 1893 ei
621 1847 780 1893 fuisset
808 1848 977 1904 iratus,
1001 1865 1090 1912 pro
1114 1866 1169 1896 eo
1191 1848 1321 1913 quod
1343 1849 1391 1894 in
1411 1848 1671 1896 Abodritos
1689 1867 1817 1896 anno

398 1926 643 1988 superiore
667 1924 804 1971 duxit
828 1926 1089 1972 exercitum
1108 1962 1120 1982 ,
1149 1936 1195 1972 et
1219 1944 1322 1972 suas
1346 1926 1473 1972 ultus
1498 1938 1567 1973 est
1595 1927 1814 1990 injurias,

398 2003 572 2049 addens
596 2003 716 2050 velle
747 2021 794 2050 se
829 2021 1031 2068 purgare
1060 2003 1119 2049 ab
1144 2021 1199 2051 eo
1232 2003 1362 2068 quod
1395 2005 1435 2051 ei
1469 2003 1814 2068 objiciebatur;

400 2080 594 2127 foederis
623 2081 943 2144 irruptionem
968 2081 1026 2128 ab
1051 2082 1143 2128 illis
1169 2083 1327 2146 primo
1352 2083 1429 2145 (4)
1460 2082 1599 2130 fuisse
1625 2082 1817 2130 inchoa-

405 2170 514 2204 tam.
542 2157 737 2204 Petebat
756 2159 896 2205 etiam
910 2195 921 2215 ‚
948 2171 999 2205 ut
1018 2171 1283 2207 conventus
1304 2161 1535 2207 comitum
1561 2162 1820 2224 imperato-

402 2237 467 2282 ris
487 2247 627 2300 atque
646 2252 843 2282 suorum
857 2239 991 2300 juxta
1012 2238 1243 2285 terminos
1263 2238 1396 2302 regni
1418 2239 1487 2284 sui
1512 2248 1639 2284 trans
1660 2238 1821 2284 Albim

453 2427 503 2469 (i)
530 2425 688 2458 Nuenar.
711 2437 832 2459 comes
850 2442 855 2458 .-
877 2426 1039 2460 occiduis
1058 2428 1280 2472 regionibns.

454 2489 505 2526 (2)
532 2483 603 2518 All.
626 2483 786 2527 Hiberis,
808 2484 918 2520 Iberi.

455 2541 504 2586 (5)
533 2544 556 2577 i.
577 2556 607 2577 e.
632 2539 826 2588 (SpoCsAEwa.
850 2543 908 2577 Sic
933 2543 1094 2578 Ruenar.
1118 2556 1212 2578 com.

454 2607 503 2649 (4)
528 2605 644 2639 (lodd.
672 2603 881 2638 Vindobon.
902 2602 992 2645 654,
1027 2603 1118 2650 Reg.
1140 2604 1251 2637 Paris.
1277 2602 1389 2650 5924,
1414 2603 1554 2637 Trevir.
1584 2610 1617 2637 et
1646 2603 1820 2649 Amberg.

409 2676 554 2709 tresque
583 2662 689 2696 codd.
721 2662 914 2696 Annalium
937 2662 1092 2696 Lam-iss.
1123 2663 1169 2696 ab
1195 2663 1256 2696 illo
1278 2664 1416 2706 primis.
1445 2682 1488 2687 -—
1510 2661 1627 2696 Codd.
1658 2662 1820 2696 Hannov.

413 2721 649 2757 Vindobonn.
677 2735 683 2753 ι
700 2734 736 2753 io
752 2728 783 2753 et
803 2733 871 2767 990
891 2736 895 2753 r
918 2721 963 2754 nh
984 2724 1033 2754 011«-
1050 2723 1218 2766 primum.
1236 2742 1278 2747 --—
1297 2721 1337 2753 D.
1365 2721 1474 2767 [louq.
1498 2720 1544 2754 ab
1564 2720 1624 2753 illo
1642 2722 1821 2766 primitus„
