2043 3193
527 148 578 182 bo
860 136 984 175 VITA
1015 135 1210 174 KAROLI
1243 131 1604 172 IMPERATORIS.

526 227 781 274 amicitiam
805 234 852 271 et
875 227 1099 288 junctum
1123 238 1234 268 cum
1257 237 1314 267 eo
1344 218 1504 266 foedus
1529 218 1945 281 Constantinopo-

526 306 731 351 litanum
754 301 1093 365 imperatorem
1125 296 1298 345 habere
1322 295 1561 361 permisit3
1588 294 1757 341 deinde
1780 311 1946 342 omnes

527 380 748 428 barbaras
767 397 819 426 ac
843 380 963 426 feras
989 377 1231 433 nationes,
1260 392 1367 440 quae
1392 374 1518 420 inter
1542 373 1759 419 Hrenum
1781 389 1834 418 ac
1856 371 1947 419 Vi-

528 458 679 506 sulam
697 458 764 522 (1)
786 457 978 513 fluvios,
1011 455 1348 518 Oceanumque
1372 469 1425 498 ac
1449 448 1723 497 Danubium
1748 451 1914 514 positae
1931 485 1944 507 9

528 537 688 601 lingua
712 534 906 601 quidem
929 550 1051 597 pene
1079 531 1278 588 similes,
1309 529 1526 577 moribus
1555 545 1669 575 vero
1699 538 1840 592 atque
1871 527 1949 573 ha-

525 615 634 661 bitu
652 614 784 660 valde
802 611 1050 659 dissimiles
1066 610 1160 674 (2),
1178 608 1485 656 Germaniam
1503 606 1742 662 incolunt,
1765 606 1826 650 ita
1849 622 1951 668 pera

528 692 747 747 domuit,
789 699 840 737 ut
877 707 949 737 eas
986 686 1261 734 tributarias
1294 684 1505 732 efficeret
1539 683 1632 747 (5).
1674 684 1807 728 Inter
1837 699 1951 746 quas

530 769 628 817 fere
672 769 926 832 praecipuae
971 775 1082 812 sunt
1125 762 1367 811 Welatabi
1390 799 1402 818 ‚
1448 760 1613 809 Sorabi
1636 797 1648 817 ‚
1696 760 1916 807 Abodriti
1936 796 1947 814 ,

530 846 792 894 Boemanni
823 845 894 907 (4)
910 872 973 878 —
989 860 1099 888 cum
1123 841 1193 887 his
1218 857 1424 905 namque
1456 839 1584 887 bello
1619 837 1839 886 conflixit
1857 856 1947 893 —3

533 935 749 979 caeteras,
777 938 980 986 quarum
1003 920 1158 968 multo
1184 921 1338 982 major
1361 929 1431 965 est
1455 934 1707 973 numerus,
1736 917 1787 962 in
1818 915 1954 962 dedi-

535 1002 716 1048 tionem
747 998 968 1062 suscepit.

600 1157 734 1204 XVI.
774 1156 922 1202 Auxit
941 1154 1083 1202 etiam
1106 1154 1311 1219 gloriam
1330 1153 1463 1217 regni
1485 1153 1554 1198 sui
1580 1151 1865 1217 quibusdam
1884 1169 1955 1199 re-

534 1234 671 1301 gibus
691 1252 743 1280 ae
767 1232 990 1298 gentihus
1012 1249 1099 1296 per
1121 1231 1380 1277 amicitiam
1398 1229 1487 1276 sibi
1516 1230 1797 1277 conciliatis.
1826 1229 1956 1276 Adeo

535 1329 740 1376 namque
775 1309 1102 1357 Hadefonsum
1138 1308 1207 1373 (5)
1222 1344 1235 1364 ,
1280 1307 1486 1354 Gallitiae
1525 1308 1599 1370 (6)
1639 1317 1781 1371 atque
1814 1307 1960 1353 Astu-

534 1390 620 1437 riae
642 1390 716 1453 (7)
743 1405 929 1453 regem,
957 1386 1045 1433 sibi
1071 1387 1294 1434 societate
1316 1385 1557 1441 devinxit,
1582 1394 1636 1430 ut
1660 1386 1697 1431 is
1723 1385 1798 1448 (8)
1814 1420 1827 1442 ,
1850 1403 1960 1431 cum

537 1467 594 1513 ad
619 1484 729 1514 eum
749 1466 823 1513 vel
846 1465 1026 1512 litteras
1045 1464 1120 1511 vel
1144 1464 1320 1529 legatos
1344 1463 1583 1521 mitteret,
1613 1479 1713 1509 non
1745 1462 1882 1509 aliter
1913 1480 1959 1510 se

539 1545 662 1608 apud
694 1544 831 1590 illum
860 1561 1005 1608 quam
1038 1543 1292 1607 proprium
1325 1559 1465 1587 suum
1496 1541 1720 1605 appellari
1748 1540 1956 1604 juberet.

540 1622 796 1668 Scotorum
819 1636 1014 1684 quoque
1036 1636 1166 1683 reges
1197 1619 1262 1664 sic
1293 1616 1459 1663 habuit
1490 1617 1547 1663 ad
1576 1635 1706 1663 suam
1731 1617 1961 1664 volunta-

543 1710 639 1746 tem
666 1716 750 1763 per
773 1696 1154 1744 munificentiam
1178 1696 1430 1742 inclinatos
1445 1731 1458 1752 ,
1496 1706 1551 1742 ut
1575 1713 1685 1742 eum
1711 1713 1961 1760 nunquam

543 1778 679 1825 aliter
698 1777 787 1823 nisi
809 1776 1080 1831 dominum,
1098 1791 1239 1839 seque
1256 1773 1471 1821 subditos
1485 1784 1532 1821 et
1549 1791 1707 1821 servos
1721 1775 1838 1837 ejuS‚
1857 1791 1964 1838 pro-

593 1999 643 2043 (1)
669 1997 739 2032 All.
767 1996 964 2038 lVisulam,
992 1994 1178 2037 Uisulam,
1197 1994 1383 2037 Insulam,
1404 1994 1593 2034 Insulam;
1613 1994 1692 2028 cod.
1709 1994 1848 2030 Christ.
1870 1994 1962 2041 Reg.

547 2058 615 2106 692
633 2073 638 2091 ι
669 2058 885 2098 Gus'saram,
913 2055 1128 2093 Gw'seram:
1148 2053 1309 2088 Nuenar.
1328 2064 1469 2088 eomes:
1497 2054 1536 2088 V
1533 2054 1693 2089 istulam.

595 2118 644 2162 (¹2)
670 2116 762 2151 Cod.
783 2115 987 2150 Florentia.
1008 2114 1156 2148 similes.

596 2175 648 2220 (3)
675 2175 834 2210 Nuenai‘.
854 2185 974 2208 comes
991 2187 998 2206 τ
1020 2172 1196 2221 effecerit.

598 2237 648 2282 (4)
673 2235 745 2270 All.
769 2233 979 2276 Πιιείεἰαόἱ,
999 2231 1223 2273 Muelatabi‚
1252 2231 1469 2266 Weltahi.—
1485 2230 1629 2274 Sorobi,
1654 2229 1853 2265 Sorabe.—
1872 2230 1966 2266 Obo—

554 2295 659 2335 (Irni,
682 2294 857 2328 Abotriti.
874 2313 914 2317 -—
930 2291 1128 2334 Boemani,
1150 2289 1221 2325 vid.
1244 2302 1323 2336 sup.

600 2353 651 2399 (5)
676 2353 773 2399 Sept.
805 2351 912 2386 codd.
945 2350 1195 2397 Aclfgsonsum.
1217 2369 1262 2375 ——
1287 2348 1358 2383 All.
1386 2347 1661 2395 Adaesonsum,
1690 2346 1964 2393 Aedqfcmsum,

555 2412 799 2459 Adesensum,
820 2409 1079 2458 Adeffensmm
1094 2408 1378 2456 Haldqfonsum,
1394 2404 1798 2454 Adelfonsum.—Cod.
1817 2405 1965 2441 Cotton.

555 2472 834 2507 Hasdestinum.

564 2556 567 2558 v
602 2533 650 2577 (6)
677 2532 746 2567 All.
767 2532 969 2573 Galleciae,
997 2530 1183 2572 Galetiae,
1208 2529 1389 2571 Galatiae,
1414 2527 1579 2562 Galicioe.

602 2595 650 2639 (7)
677 2591 747 2625 All.
768 2592 985 2633 Artm'icae,
1003 2591 1217 2628 Asturicae.
1238 2589 1407 2623 Asuvice.

603 2654 652 2693 κδ’)
681 2653 800 2692 ΡοΓιΖ,
825 2664 908 2686 cum
929 2651 1147 2698 quibusdam
1168 2650 1261 2685 codd
1295 2650 1371 2689 hin
1393 2648 1435 2682 D.
1458 2647 1570 2692 Bouq.
1592 2653 1625 2682 cl
1647 2645 1794 2693 plurimi
1819 2661 1824 2678 :
1848 2647 1889 2679 ιῖς.
