1924 3183
442 231 462 255 a
472 219 491 254 J,
775 215 896 253 VITA
926 216 1118 254 KAROLI
1152 214 1511 254 IMPERATORIS.

444 302 692 350 nocturnis
740 300 870 349 horis
909 313 954 348 et
998 301 1211 348 sacrificii
1252 312 1467 365 tempore
1489 338 1502 358 ,
1543 304 1698 368 quoad
1744 322 1849 351 eum

442 378 661 427 valetudo
685 379 960 443 permiserat
975 417 986 439 ,
1009 379 1209 444 impigre
1240 378 1574 443 frequentabat
1591 415 1603 436 ‚
1630 380 1851 428 curabat-

442 475 535 522 que
557 474 861 521 magnopere,
880 467 934 502 ut
956 456 1114 504 omnia
1139 474 1247 520 quae
1267 456 1313 501 in
1343 473 1391 502 ea
1410 455 1714 520 gerebantur,
1744 476 1852 504 cum

443 552 584 600 quam
607 535 808 580 maxima
835 533 1004 580 fierent
1033 533 1277 581 honestate
1292 552 1305 590 3
1343 532 1542 581 aedituos
1567 533 1853 582 creberrime

443 630 779 669 commonen8‚
812 630 870 659 ne
901 611 1016 677 quid
1044 612 1263 659 indecens
1294 622 1376 657 aut
1399 612 1642 659 sordidum
1669 625 1750 659 aut
1774 614 1853 660 in-

441 692 554 739 ferri
583 701 664 737 aut
695 691 743 737 in
769 708 819 737 ea
849 708 1091 737 remanere
1116 690 1467 754 permitterent.
1496 691 1749 738 Sacrorum
1773 710 1854 738 va-

442 785 605 814 sorum
627 784 683 813 ex
707 784 824 813 auro
857 777 904 813 et
934 776 1157 830 argento,
1191 764 1682 831 vestimentorumque
1706 785 1854 814 sacer-

442 844 672 891 dotalium
719 853 900 889 tantam
948 844 995 888 in
1040 861 1090 890 ea
1135 843 1319 906 copiam
1358 845 1635 907 procuravit
1653 880 1668 904 ,
1705 856 1759 890 ut
1805 846 1853 890 in

443 920 682 967 sacrificiis
707 918 995 966 celebrandis
1021 937 1080 965 ne
1105 917 1393 982 janitoribus
1421 919 1640 984 quidem,
1667 921 1749 986 qui
1774 921 1854 967 ul-

445 1000 547 1044 timi
583 998 878 1045 ecclesiastici
911 997 1093 1044 ordinis
1125 1007 1262 1051 sunt,
1290 997 1477 1060 privato
1513 996 1677 1043 habitu
1708 998 1855 1044 mini-

443 1089 591 1124 strare
611 1093 795 1123 necesse
816 1075 995 1122 fuisset.
1021 1075 1225 1139 Legendi
1243 1085 1384 1140 atque
1402 1075 1630 1138 psallendi
1649 1075 1855 1140 discipli-

443 1171 552 1199 nam
579 1152 936 1217 diligentissime
965 1151 1248 1197 emendavit.
1289 1151 1407 1197 Erat
1444 1152 1573 1199 enim
1609 1152 1856 1216 utriusque

442 1228 698 1276 admodum
721 1228 951 1285 eruditus,
975 1244 1263 1292 quamquam
1285 1228 1380 1291 ipse
1405 1245 1492 1274 nec
1515 1227 1705 1291 publice
1729 1228 1856 1292 lege—

442 1315 541 1363 ret,
567 1322 655 1353 nec
679 1305 768 1352 nisi
796 1303 1065 1351 submissim
1089 1314 1136 1350 et
1163 1305 1211 1350 in
1244 1322 1498 1351 commune
1526 1315 1737 1352 cantaret
1764 1308 1852 1369 (1).

509 1615 712 1664 XXVII.
751 1615 884 1660 Circa
913 1631 1139 1677 pauperes
1171 1614 1501 1661 sustentandos
1526 1625 1572 1662 et
1603 1615 1857 1679 gratuitam

443 1693 775 1740 liberalitatem
791 1727 801 1746 ,
838 1709 981 1755 quam
1014 1691 1170 1738 Graeci
1195 1691 1539 1755 eleemosynam
1558 1692 1631 1755 (2)
1658 1702 1851 1747 vocant,

443 1769 799 1824 devotissimus,
828 1778 882 1812 ut
904 1767 986 1831 qui
1013 1785 1112 1814 non
1138 1769 1187 1814 in
1214 1769 1362 1832 patria
1387 1768 1541 1815 solum
1566 1779 1613 1815 et
1637 1769 1684 1814 in
1708 1785 1857 1833 regno

443 1866 527 1894 suo
553 1847 599 1892 id
622 1847 775 1892 facere
804 1846 1063 1901 curaverit,
1090 1863 1256 1892 verum
1274 1847 1342 1909 (3)
1374 1857 1500 1892 trans
1520 1847 1666 1892 maria
1693 1847 1741 1892 in
1767 1847 1857 1911 Sy-

443 1926 562 1970 riam
581 1923 654 1987 (4)
672 1933 718 1969 et
730 1923 995 1986 AEgyptum
1012 1931 1152 1986 atque
1167 1922 1395 1978 Africam,
1418 1923 1744 1970 Hierosolimis
1761 1923 1855 1985 (5),

489 2125 539 2169 (1)
564 2122 654 2157 Cod.
675 2121 763 2155 olim
784 2121 917 2155 Venet.
939 2132 957 2153 a
974 2121 1007 2154 J.
1030 2119 1196 2154 Morellio
1221 2120 1258 2153 in
1277 2119 1501 2154 bibliotheca
1524 2132 1587 2154 sua
1606 2131 1672 2154 ms.
1695 2119 1856 2166 descrip—

443 2190 500 2216 tus
519 2181 581 2215 hic
599 2179 701 2214 addit
727 2194 733 2212 z
762 2177 1002 2224 Octingeutas
1027 2184 1061 2210 et
1085 2178 1299 2223 octuaginta
1319 2190 1385 2212 sex
1405 2177 1578 2212 ecclesias
1601 2180 1678 2212 suis
1700 2179 1857 2223 propriis

443 2239 649 2286 sumptibus
678 2249 760 2271 cum
788 2235 1077 2282 supellectilibus
1105 2242 1139 2269 et
1166 2236 1250 2269 aliis
1282 2237 1507 2270 ornamentis
1535 2235 1588 2270 ad
1618 2235 1765 2270 laudem
1790 2236 1861 2269 Dei
1920 2259 1921 2268 1

445 2302 632 2345 beataeque
655 2297 692 2332 V
691 2297 820 2342 lrgz‘nis
843 2294 1041 2337 dedicavit,
1070 2296 1140 2328 tria
1161 2294 1276 2329 millia
1299 2300 1333 2328 et
1351 2296 1605 2340 septingentas
1623 2296 1661 2328 in
1682 2300 1754 2328 toto
1772 2294 1858 2328 orbe
1918 2332 1920 2336 Ι

444 2359 676 2395 restauravit.
697 2355 808 2401 Quod
825 2353 986 2402 quidem,
1005 2354 1130 2400 judice
1148 2354 1303 2396 pertzio,
1324 2366 1398 2388 non
1416 2360 1561 2388 tantum
1580 2354 1687 2388 habet
1702 2354 1856 2388 auctori-

445 2420 527 2454 tatis
545 2425 586 2453 ut
604 2417 642 2451 in
656 2422 758 2450 textu
775 2413 1002 2448 admittatur.

489 2480 539 2524 (Ἰ)
568 2479 592 2512 i.
610 2489 640 2511 e.
661 2474 880 2519 ΪΞλεκμοσύνη.

490 2535 539 2581 (3)
564 2534 682 2570 Codd.
706 2531 920 2570 Vindobon.
942 2529 1008 2566 338
1027 2537 1063 2565 et
1082 2530 1277 2566 Zwetlens.
1296 2542 1425 2564 verum
1448 2531 1568 2563 etiam.

490 2596 539 2639 (4)
565 2593 623 2629 ΑΙ.
643 2593 790 2627 Sirium.
810 2612 847 2616 ——
870 2589 940 2625 All.
963 2589 1174 2636 .AE'giptum‚
1195 2589 1405 2635 Egyptum.

489 2654 535 2697 (5)
561 2652 630 2687 All.
664 2651 934 2687 leemsolimis,
969 2649 1234 2695 Ηιέι·().ςοζγηιι”.ς
1246 2676 1253 2689 ,
1287 2647 1533 2686 Ιενι).ςοΙίηιι“,τ,
1567 2646 1832 2693 Ityerosolimss
1843 2662 1852 2684 ,-

447 2714 600 2746 Nuenar.
620 2722 738 2743 comcs
756 2727 759 2742 ;
778 2710 1029 2754 Ιειύο·()ζγυ)α.ς
1047 2726 1051 2742 ,-
1070 2709 1110 2741 Ι).
1138 2709 1249 2752 Bouq.
1271 2706 1526 2750 Ιενονοζγηιίσ,
