1924 3183
397 169 470 208 194
977 164 1225 203 KAROLUS.

911 292 1283 340 DCCLXXXV.

455 401 578 446 Cum
603 399 668 446 ibi
689 399 895 447 hiemare
923 398 1231 456 decrevisset,
1257 397 1417 443 accitis
1434 406 1575 463 atque
1598 398 1807 447 adductis

389 476 447 524 ad
467 495 515 525 se
533 493 683 524 uxore
701 493 752 522 ac
771 474 933 523 liberis
949 511 961 535 ,
981 474 1246 538 relictoque
1263 474 1334 538 (1)
1354 490 1465 519 cum
1486 473 1550 521 eis
1574 474 1625 521 in
1645 474 1809 524 eodem

389 567 544 604 castro
570 556 644 620 (2)
671 555 779 601 satis
797 555 894 602 fido
916 572 968 600 ac
993 554 1135 600 firmo
1154 552 1396 617 praesidio,
1419 552 1517 616 ipse
1542 570 1651 599 cum
1675 571 1810 618 expe-

387 634 484 681 dita
508 651 654 681 manu
679 634 735 680 ad
756 633 997 681 Saxonum
1020 649 1163 696 pagos
1186 631 1436 678 vastandos
1459 648 1511 677 ac
1539 631 1672 678 villas
1695 631 1809 678 diri-

387 712 580 778 piendas
617 729 851 777 egressus,
898 710 1162 774 inquietam
1202 709 1310 755 satis
1351 708 1584 765 hiemem,
1631 707 1811 773 ubique

385 790 697 839 discurrendo
730 799 778 836 et
814 798 983 835 cuncta
1014 787 1220 834 caedibus
1257 798 1399 851 atque
1436 785 1667 833 incendiis
1699 804 1810 850 per-

385 866 656 924 miscendo,
696 876 793 912 tam
825 881 910 929 per
950 881 996 910 sc
1032 864 1216 927 ipsum,
1240 881 1385 928 quam
1419 881 1505 927 per
1528 862 1668 909 duces
1691 879 1810 927 quos

384 945 576 992 miserat
591 980 604 1001 ‚
627 940 891 990 Saxonibus
910 939 1132 988 reddidit.
1162 940 1377 1004 Cumque
1396 938 1533 1003 hujus
1558 938 1689 986 modi
1715 956 1811 985 vas-

387 1020 646 1069 tationibus
664 1038 751 1084 per
772 1029 930 1066 totum
950 1016 1141 1064 hiberni
1166 1017 1395 1080 temporis
1420 1017 1627 1080 spatium
1646 1033 1812 1064 omnes

386 1098 484 1147 fere
507 1099 750 1145 Saxonum
771 1097 989 1161 regiones
1015 1095 1198 1160 ingenti
1220 1094 1350 1141 clade
1375 1094 1627 1152 affecisset,
1654 1105 1811 1140 trans-

385 1187 485 1223 acta
511 1176 704 1223 tandem
728 1175 882 1222 hieme
912 1184 960 1221 et
989 1173 1192 1221 advectis
1230 1174 1304 1236 (5)
1341 1190 1398 1221 ex
1438 1173 1635 1219 Francia
1679 1189 1812 1220 com-

384 1252 616 1300 meatibus
630 1288 642 1309 ,
662 1250 911 1316 publicum
929 1251 1097 1315 populi
1122 1251 1193 1296 sui
1219 1260 1512 1297 conventum
1532 1251 1582 1297 in
1600 1250 1709 1299 loco
1727 1250 1811 1315 qui

384 1329 662 1376 Padrabrun
696 1338 895 1375 vocatur
912 1363 924 1384 ‚
967 1345 1103 1375 more
1145 1328 1346 1375 solemni
1388 1327 1572 1374 habuit.
1615 1328 1684 1374 Ac
1724 1345 1812 1392 pe-

386 1409 525 1454 ractis
549 1407 648 1465 his,
677 1423 784 1471 quae
808 1405 866 1452 ad
894 1406 1020 1452 illius
1046 1416 1311 1453 conventus
1333 1406 1571 1453 rationem
1603 1406 1811 1470 pertine-

386 1485 529 1545 bant,
551 1487 601 1532 in
624 1502 798 1550 pagum
821 1483 1056 1532 vocabulo
1075 1483 1355 1548 Bardengoo
1377 1484 1449 1548 (4)
1470 1484 1812 1548 proficiscitur,

388 1563 550 1627 ibique
570 1562 762 1608 audiens
785 1561 1140 1608 widokindum
1174 1578 1226 1607 ac
1249 1562 1319 1625 (5)
1338 1559 1614 1608 Abbionem
1642 1579 1738 1608 esse
1760 1562 1810 1607 in

387 1639 704 1687 transalbiana
730 1641 975 1687 Saxonum
992 1640 1206 1704 regione,
1226 1639 1385 1703 primo
1404 1639 1467 1685 eis
1485 1657 1571 1703 per
1584 1640 1809 1697 Saxones,

386 1728 441 1764 ut
463 1719 632 1766 omissa
655 1717 853 1782 perfidia
879 1717 935 1764 ad
962 1735 1092 1763 suam
1117 1717 1260 1764 fldem
1288 1717 1451 1764 venire
1479 1734 1580 1763 non
1605 1716 1811 1782 ambige-

388 1805 525 1855 rent,
546 1795 739 1842 suadere
759 1795 927 1859 coepit.
949 1796 1167 1859 Cumque
1188 1795 1273 1859 ipsi
1289 1831 1302 1852 ,
1323 1794 1594 1841 facinorum
1613 1811 1811 1842 suorum

389 1871 478 1918 sibi
502 1872 706 1929 conscii,
733 1872 855 1936 regis
879 1871 986 1918 fidei
1012 1888 1058 1918 se
1074 1872 1375 1918 committere
1393 1871 1688 1930 dubitarent,
1709 1881 1811 1919 tan-

387 1950 493 1997 dem
512 1959 700 2012 accepta
725 1948 784 1994 ab
810 1966 886 2006 eo,
912 1966 1052 2013 quam
1074 1946 1324 2012 optabant,
1351 1948 1649 2011 impunitatis
1671 1966 1810 2012 spon-

389 2029 544 2086 sione,
577 2039 719 2091 atque
752 2027 1041 2090 impetratis,
1068 2044 1187 2091 quos
1222 2025 1309 2072 sibi
1335 2026 1434 2072 dari
1460 2025 1806 2090 precabantur,

434 2211 485 2256 (1)
511 2209 672 2244 Nueuar.
694 2219 814 2242 comes
836 2223 841 2241 ε
865 2207 1027 2242 reducto.

435 2271 486 2315 (2)
512 2270 556 2303 D.
583 2269 698 2315 Bouq.
725 2280 809 2302 cnm
835 2268 997 2302 Nuenar.
1020 2268 1155 2302 comite
1181 2283 1186 2300 t
1212 2269 1249 2301 ιἰι
1272 2267 1399 2302 eadem
1419 2281 1515 2303 arce.
1535 2289 1576 2294 -—
1595 2269 1777 2303 Freherus
1800 2285 1805 2302 τ

390 2334 488 2364 [ntra
506 2328 635 2363 eadem
651 2335 786 2363 castra.

435 2389 485 2435 (5)
511 2390 694 2424 Freherus
714 2404 718 2421 :
743 2387 928 2422 adductis.

435 2450 486 2493 (4)
512 2448 584 2483 All.
606 2446 825 2493 Ba1·(lcng0‚
848 2446 1131 2491 Bm‘dengozcm,
1154 2445 1394 2492 Bardengmc.

436 2506 486 2553 (5)
515 2523 530 2539 «
548 2507 613 2541 Ad
630 2518 756 2541 omnes
774 2512 904 2552 praeter
924 2505 1152 2540 Nuenarium
1171 2505 1235 2552 qui
1254 2511 1289 2539 et
1306 2505 1418 2552 legit3
1438 2505 1492 2540 ad
1503 2506 1709 2541 Abbionem
1727 2506 1806 2540 loco

391 2565 492 2611 apml
510 2565 717 2599 Abbianem
736 2563 808 2597 (liei
823 2575 926 2610 posse
944 2576 1018 2598 non
1038 2562 1197 2605 videtur,
1213 2575 1326 2609 quare
1344 2576 1388 2597 ac
1408 2563 1659 2610 recipiendum
1681 2565 1804 2599 statui.

389 2624 498 2657 Poeta
516 2624 625 2657 ctiam
644 2624 736 2658 Saxo
754 2630 817 2657 aut
835 2636 880 2657 ac
899 2630 962 2657 aut
979 2621 1154 2669 ellegisse
1170 2622 1315 2658 videtur
1333 2638 1348 2655 »
1369 2623 1524 2668 (Pertz).
1544 2644 1589 2650 --
1609 2624 1677 2658 Hie
1697 2624 1806 2659 habet

393 2682 436 2716 D.
460 2683 625 2729 Bonquet
647 2698 651 2714 :
682 2682 931 2716 Il‘z'dilsimlum
950 2688 984 2717 el
1003 2682 1208 2715 Albionem.
