2043 3193
440 157 755 196 TESTIMONIA
785 157 854 197 DE
883 157 1173 204 EINHARDO„
1456 165 1516 213 ciij

364 315 460 348 XIV.
486 315 550 348 EX
575 315 745 349 GESTIS
768 314 942 348 REGUM
967 315 1251 349 ANGLORUM

216 436 232 454 ει
256 423 446 456 ΧνὶΙΙΕῙιῃο
464 424 767 456 Malmesburiensi
791 423 987 466 descripiie.
1011 424 1091 456 Lib.
1114 424 1165 463 ΙΙ,
1186 437 1261 468 cap.
1279 438 1329 458 xit
1353 427 1409 468 (i),

151 550 364 597 (Henricus
386 552 611 602 imperator)
634 564 800 588 sororem
823 551 1153 589 sanctimonialem
1175 552 1288 589 unice
1310 552 1491 605 diligebat
1510 585 1518 599 ,

95 622 137 651 ut
156 628 223 651 suo
239 629 320 652 eam
343 614 449 651 lateri
470 613 599 651 deesse
617 628 691 651 non
716 622 924 666 pateretur,
942 614 1009 652 sed
1028 627 1179 666 semper
1200 614 1408 652 triclinium
1439 617 1518 667 ejus

96 691 163 714 suo
182 678 443 728 conjungeret.
463 676 563 713 Dum
588 676 704 728 igitur
723 677 888 728 quadam
912 676 1065 729 hyeme,
1087 692 1169 728 quae
1186 677 1340 715 nivibus
1357 687 1393 716 et
1409 680 1518 730 prui-

97 740 154 777 nis
182 754 312 792 aspera
336 739 596 790 inhorruerat,
620 754 697 777 uno
715 739 781 777 diu
801 740 884 778 loeo
906 740 1158 787 detineretur,
1179 741 1340 779 clericus
1363 741 1518 794 quidam

95 803 248 841 curialis
269 803 491 841 familiarior
507 803 607 854 justo
627 804 764 855 puellae
782 805 953 851 effeetus,
976 804 1108 842 crebro
1130 814 1335 843 nocturnas
1352 807 1390 843 iu
1414 806 1522 843 cubi-

96 869 180 906 culo
199 869 281 920 ejus
308 868 520 921 protelabat
542 868 706 920 vigiliaS.
735 867 783 906 Et
806 869 1016 921 quamlibet
1034 869 1271 907 multimodis
1292 870 1521 922 tergiversa-

94 932 261 971 tionibus
292 933 499 984 nequitiam
532 932 731 984 palliaret,
763 932 926 970 advertit
950 932 1041 970 illud
1068 933 1206 984 aliquis
1229 933 1351 985 (quod
1372 932 1520 971 difficile

95 995 142 1033 sit
162 995 306 1033 crimen
328 1010 403 1032 non
426 994 584 1047 prodere
601 996 709 1033 vultu
731 996 790 1033 vel
810 999 957 1048 gestu),
981 1004 1039 1045 ct,
1061 996 1138 1046 jam
1159 996 1274 1047 vulgo
1298 1011 1376 1034 rem
1395 997 1523 1034 venti—

95 1058 199 1096 lante
213 1088 222 1105 ‚
242 1059 344 1096 solus
368 1059 559 1096 nesciebat
580 1060 785 1110 imperator
805 1068 841 1096 et
861 1073 1026 1096 sororem
1045 1073 1149 1096 suam
1170 1060 1348 1111 pudicam
1372 1059 1522 1097 credere

94 1121 272 1159 audebat.
289 1121 361 1160 Sed
380 1137 465 1159 cum
484 1121 648 1173 quadam
675 1131 786 1160 nocte
808 1123 945 1174 cupitis
966 1122 1181 1160 fruerentur
1201 1123 1463 1175 amplexibus,
1487 1132 1518 1160 et

95 1183 237 1222 diutius
264 1199 301 1222 se
321 1185 494 1236 voluptas
522 1184 779 1236 protenderet,
804 1185 930 1223 illuxit
950 1200 1084 1232 manc,
1108 1195 1145 1223 et
1167 1201 1254 1224 ecee
1278 1187 1344 1224 nix
1368 1201 1519 1224 omnem

95 1255 232 1285 terram
255 1256 469 1298 operuerat.
488 1247 597 1285 Tunc
613 1248 775 1285 clericus
795 1250 859 1300 qui
881 1263 919 1286 se
945 1249 1308 1300 deprehendendum
1330 1265 1397 1302 per
1416 1252 1525 1288 vcsti-

96 1311 156 1363 gia
178 1311 215 1347 in
242 1311 329 1348 nive
350 1310 515 1357 timeret,
544 1312 729 1362 persuasit
755 1312 882 1348 amieae
913 1326 985 1349 sua:
1006 1320 1049 1350 ut
1074 1312 1184 1350 dorso
1213 1313 1296 1362 ejus
1327 1313 1523 1364 impositus

96 1375 288 1426 angustias
310 1374 393 1411 illas
415 1375 606 1413 evaderet.
630 1374 702 1412 Illa
720 1389 795 1413 non
814 1374 981 1412 refutans
1004 1375 1299 1427 impudentiam,
1316 1375 1525 1414 dummodo

96 1437 231 1475 vitaret
254 1437 522 1475 verecundiam
542 1467 552 1485 ‚
578 1437 681 1476 levat,
699 1447 803 1491 tergo
827 1439 1011 1476 amasium
1034 1447 1071 1477 et
1096 1448 1199 1476 extra
1228 1440 1373 1477 curiam
1397 1441 1519 1477 effert.

97 1499 145 1537 Et
163 1499 257 1538 sorte
270 1509 360 1538 tunc
375 1501 580 1553 imperator
594 1503 776 1540 minctum
795 1512 1025 1548 surrexerat,
1040 1511 1075 1540 et
1093 1517 1160 1554 per
1176 1503 1379 1541 fenestram
1397 1518 1524 1541 coena-

96 1564 172 1602 culi
200 1563 410 1616 despiciens
432 1565 534 1603 videt
552 1565 729 1603 clericum
752 1567 1002 1618 equitantem.
1028 1566 1155 1603 Primo
1176 1567 1330 1619 quidem
1354 1568 1436 1605 visu
1455 1568 1526 1605 hc-

94 1628 260 1675 bctatus,
289 1628 355 1665 sed
382 1643 421 1666 re
452 1628 672 1681 diligentius
695 1630 909 1681 explorata,
943 1630 1089 1682 pudore
1110 1639 1147 1668 et
1172 1630 1435 1683 indignatione
1455 1631 1526 1669 ob-

95 1692 249 1730 mutuit.
278 1691 427 1730 Interea
452 1692 636 1730 haesitanti
664 1701 792 1731 utrum
813 1702 1010 1745 peccatum
1035 1695 1266 1745 impunitum
1290 1694 1524 1738 dimitteret,

97 1754 156 1792 vel
186 1764 385 1806 peccantes
405 1755 560 1793 honeste
580 1756 836 1809 redargueret,
863 1756 1018 1795 obvenit
1039 1759 1185 1795 occasio
1207 1767 1247 1795 ut
1264 1759 1523 1811 episcopatum

96 1826 293 1856 vacantem
321 1817 427 1857 daret
460 1819 618 1865 cleric0;
651 1819 727 1857 haec
755 1820 868 1858 verba
897 1820 1053 1857 auribus
1085 1822 1327 1859 insusurrans
1358 1838 1367 1859 :
1397 1838 1414 1859 «
1440 1821 1523 1868 Tu,

100 1897 119 1919 «
142 1882 290 1934 inquit,
313 1882 442 1934 accipe
459 1883 718 1934 episcopatum
744 1891 779 1921 et
806 1884 894 1921 vide
915 1899 962 1922 ne
987 1884 1144 1922 ulterius
1173 1885 1361 1937 inequites
1383 1885 1526 1923 mulie-

81 1961 119 1982 v«
142 1959 235 1983 rem.
259 1960 278 1982 »
305 1945 401 1983 Item
437 1945 534 1983 dans
551 1946 740 1984 abbatiam
764 1947 1111 1985 sanctimonialium
1135 1962 1323 1999 germanae
1345 1964 1353 1985 :
1377 1964 1396 1986 (‹
1416 1947 1522 1988 Esto.

101 2026 121 2047 «
145 2011 211 2057 ait,
237 2010 442 2057 abbatissa,
458 2025 528 2048 nec
554 2010 650 2048 ultra
675 2011 827 2063 patiaris
852 2011 1029 2049 clericum
1054 2013 1341 2064 equitantem.»
1366 2011 1523 2049 Confusi

98 2073 151 2111 illi
172 2103 180 2120 ,
206 2074 271 2126 qui
293 2082 369 2111 tam
391 2075 494 2126 gravi
522 2074 622 2112 dicto
643 2089 681 2112 se
702 2076 885 2113 sentirent
905 2075 1093 2127 lapidatos
1110 2105 1119 2122 ,
1148 2076 1389 2114 desciverunt
1409 2091 1429 2113 a
1450 2075 1523 2113 fla-

100 2139 192 2191 gitio
210 2138 312 2190 quod
331 2137 512 2176 divinitus
535 2139 761 2192 inspiratum
781 2140 966 2191 putabant
988 2155 1008 2177 a
1029 2140 1207 2178 Domino.

144 2326 190 2366 (i)
209 2321 375 2355 VViltiam
391 2322 615 2360 Soniiiiei‘set,
636 2322 713 2364 plus
731 2335 841 2354 connu
860 2335 936 2355 sous
954 2323 985 2355 le
1001 2335 1080 2355 nom
1097 2323 1140 2355 de
1156 2323 1361 2356 Guillaume
1376 2323 1419 2355 de
1432 2322 1524 2355 Mat-

103 2376 278 2418 mcsbury,
305 2374 505 2407 benedictin
530 2374 679 2417 anglais,
704 2375 865 2407 florissait
889 2376 972 2406 dans
997 2375 1028 2407 lc
1047 2383 1110 2407 xxi‘
1130 2375 1252 2418 siecle3
1274 2387 1317 2407 on
1344 2375 1463 2416 ignore
1489 2375 1522 2407 la

103 2428 182 2460 date
198 2427 329 2470 precise
346 2426 388 2458 dc
402 2438 435 2458 sa
450 2432 559 2462 mort,
577 2426 662 2457 mais
678 2438 719 2457 ou
732 2426 795 2458 sait
812 2427 899 2469 qu’il
912 2426 1021 2459 vivait
1035 2438 1158 2459 encore
1175 2439 1215 2458 en
1236 2427 1328 2469 1143.
1344 2427 1414 2461 5οη
1428 2427 1522 2470 prin·

104 2479 194 2523 cipal
217 2489 390 2521 ouvrage,
418 2478 472 2509 De
498 2479 596 2510 rebus
620 2481 724 2521 gestis
753 2491 871 2521 regum
896 2480 1099 2522 Anglorum
1124 2480 1198 2511 libr.
1218 2479 1267 2519 V,
1286 2491 1484 2512 commenee
1505 2480 1522 2511 ᾗ

103 2531 261 2575 Γέροῳιε
274 2531 365 2563 dela
384 2530 553 2573 premiere
574 2530 729 2562 invasion
748 2529 965 2570 :les-Saxeus,
985 2538 1017 2564 et
1036 2532 1145 2564 finita
1170 2532 1202 2564 la
1226 2531 1404 2565 douzieme
1418 2532 1524 2565 anne'e

106 2583 153 2616 du
168 2584 269 2628 regne
286 2583 329 2616 de
347 2583 454 2615 Henri
475 2584 532 2623 lor,
552 2595 591 2615 cn
612 2595 701 2627 ¹¹27·
720 2583 769 2615 Le
786 2594 923 2627 passage
943 2596 1009 2627 que
1032 2596 1118 2617 nous
1139 2585 1248 2618 citons
1265 2591 1314 2618 est
1333 2585 1457 2619 extrait
1481 2585 1524 2618 dr>

105 2635 261 2669 l'edition
277 2636 319 2668 de
333 2635 533 2675 Francfort,
552 2636 682 2674 in-s01.,
706 2638 801 2678 1601,
823 2648 899 2680 pag.
920 2649 969 2680 77.
