2043 3193
459 170 477 190 c,
800 148 1111 187 TESTIMONIA
1142 145 1209 183 DE
1240 143 1518 181 EINHARDO.

588 296 662 328 XII.
689 295 751 327 EX
776 292 1056 327 ANNALIBUS
1080 287 1412 322 FULDENSIBUS
1435 285 1651 319 ENHARDI
1677 287 1730 328 (ι).

514 398 602 435 836.
635 396 844 448 Imperator
868 397 904 432 in
931 393 1070 445 palatio
1096 389 1368 428 Thiodenhove
1389 391 1443 437 (2)
1463 396 1690 426 conventum
1707 386 1837 424 habuit
1852 415 1861 432 ‚

461 462 508 499 ad
524 476 634 514 quem
653 460 875 497 Hlotharius
903 457 1030 494 venire
1051 468 1126 491 non
1155 454 1301 504 potuit,
1328 453 1418 504 quia
1439 452 1664 504 graviter'et
1682 464 1798 501 usque
1819 449 1867 486 ad

463 525 763 576 desperationem
784 521 988 573 aegrotavih
1007 519 1092 565 Quo
1115 526 1282 568 peracto,
1300 518 1507 567 imperator
1522 515 1569 553 ad
1584 511 1867 552 Franconosurd

462 589 586 632 venit,
610 586 698 623 inde
717 585 766 623 ad
786 591 932 622 sanctos
953 579 1219 618 Marcellinum
1243 587 1278 616 ct
1303 579 1455 616 Petrum
1476 578 1544 627 (3),
1567 586 1603 615 et
1623 576 1713 614 inde
1732 576 1780 614 ad
1800 575 1868 612 In—

463 650 684 701 gilenheim‚
701 648 834 686 etinde
854 646 902 684 ad
916 645 1091 696 Aquense
1104 643 1288 695 palatium
1306 642 1431 679 rediit.

667 791 759 824 XIII.
786 790 848 822 EX
872 786 1218 821 CHARTULARIO
1240 785 1663 819 LAURESHAMENSI.

990 862 1044 894 Dr.
1068 862 1349 893 MicuLEa-snr'r.

524 952 692 1000 Qualiter
712 964 798 987 vero
820 949 914 986 cella
935 947 1210 992 Michlenstatt,
1231 946 1300 984 sub
1321 944 1390 983 hoc
1418 946 1584 997 piissimo
1605 944 1791 995 principe,
1812 957 1877 994 per

470 1013 721 1055 venerabilem
762 1011 997 1050 EINHARDUM
1042 1009 1355 1049 Laureshameusi
1394 1008 1620 1053 monasterio
1657 1007 1854 1044 accesserit
1868 1034 1877 1052 ‚

472 1086 582 1129 prout
605 1092 626 1114 a
651 1075 855 1126 majoribus
882 1074 1017 1111 nostris
1049 1073 1237 1110 memoriae
1257 1072 1438 1115 traditum
1460 1079 1540 1118 est,
1563 1070 1875 1123 perstringamus.

471 1139 538 1189 Est
560 1139 661 1176 enim
682 1151 739 1175 res
762 1146 841 1174 tum
866 1136 1019 1188 cognitu
1039 1145 1071 1173 et
1103 1135 1353 1173 admiratione
1374 1134 1488 1186 digna
1504 1163 1514 1180 ,
1548 1142 1628 1170 tum
1657 1140 1799 1184 quanta
1817 1133 1879 1171 vel

472 1202 596 1253 qualis
617 1201 708 1238 olim
737 1200 942 1251 imperialis
971 1199 1202 1236 excellentiae
1226 1207 1262 1235 et
1282 1212 1367 1250 erga
1397 1196 1566 1234 subditos
1587 1197 1705 1247 pietas
1732 1204 1768 1234 et
1791 1210 1876 1247 erga

474 1266 624 1302 devotos
647 1263 852 1300 liberalitas
867 1292 876 1309 ‚
898 1271 934 1300 et
952 1276 1040 1314 erga
1060 1276 1213 1299 suorum
1233 1274 1406 1298 excessus
1423 1259 1622 1296 elementia
1642 1258 1775 1306 suerit,
1794 1258 1879 1295 evi-

473 1327 566 1376 dens
585 1327 813 1378 exemplum.

529 1391 603 1428 Hie
625 1391 739 1443 igitur
756 1388 1079 1440 archicapellanus
1103 1387 1345 1437 notariusque
1363 1387 1595 1436 imperatoris
1616 1384 1771 1432 Karoli,
1795 1399 1881 1422 cum

474 1456 512 1492 in
544 1454 629 1491 aula
655 1454 758 1505 regia
780 1452 1023 1490 laudabiliter
1043 1452 1207 1488 servieus
1235 1450 1452 1500 diligeretur
1479 1449 1526 1486 ab
1546 1449 1741 1496 omnibus,
1764 1463 1785 1486 a
1806 1448 1883 1485 filia

475 1532 625 1569 quoque
644 1517 760 1567 ipsius
776 1515 1011 1567 imperatoris
1025 1543 1034 1561 ‚
1055 1514 1175 1550 Imma
1192 1513 1344 1549 nomine
1357 1540 1366 1558 ,
1388 1512 1466 1563 regi
1484 1511 1699 1548 Graecorum
1720 1510 1887 1561 despon-

478 1589 576 1626 sata,
603 1578 799 1616 amabatur
819 1577 1027 1615 ardentius.
1053 1576 1301 1626 Aliquantum
1321 1574 1500 1624 temporis
1521 1574 1696 1620 fluxerat,
1722 1581 1758 1610 et
1783 1586 1888 1609 amor

478 1643 645 1681 alternus
669 1641 837 1693 quotidie
869 1643 966 1678 iuter
989 1639 1118 1676 ambos
1150 1652 1217 1689 per
1246 1645 1447 1689 augmenta
1473 1637 1676 1674 crescebat.
1698 1635 1888 1686 Utrosque

480 1707 581 1743 enim
600 1706 710 1742 timor
724 1703 927 1741 retardavit
948 1711 984 1741 et
1004 1703 1159 1739 offensio
1180 1701 1282 1752 regia
1298 1729 1307 1747 ,
1329 1715 1376 1737 ne
1396 1708 1471 1737 tam
1493 1700 1621 1751 gravia
1636 1698 1888 1737 conveniendi

480 1769 624 1806 inirent
644 1768 858 1807 conamina.
877 1766 949 1803 Sed
968 1780 1073 1803 amor
1094 1764 1283 1815 improbus
1306 1764 1431 1800 omnia
1454 1763 1587 1800 vincit.
1608 1763 1781 1814 Denique
1802 1777 1888 1799 cum

481 1832 582 1869 idem
597 1832 654 1868 vir
673 1831 843 1882 egregius
864 1828 1191 1866 irremediabiliter
1208 1827 1370 1863 amando
1390 1835 1583 1872 aestuaret,
1607 1840 1788 1876 auresque
1811 1826 1889 1862 vir—

482 1896 577 1948 ginis
593 1908 660 1945 per
672 1893 947 1930 internuntium
960 1891 1149 1943 appellare
1162 1905 1236 1927 non
1252 1897 1506 1940 proesumeret,
1524 1889 1726 1926 novissime
1740 1896 1887 1939 sumpta

483 1949 528 1995 de
547 1957 746 2008 semetipso
766 1955 902 1992 fiducia
916 1983 925 2001 ,
944 1963 1128 1992 nocturno
1146 1962 1312 2004 tempore
1327 1952 1488 1989 latenter
1500 1952 1548 1989 ad
1564 1952 1696 2002 puellae
1711 1950 1887 1987 tendebat

483 2021 753 2059 habitaculum.
776 2018 922 2056 Ibidem
941 2033 1027 2070 ergo
1047 2018 1200 2069 pulsans
1230 2017 1423 2062 clanculo,
1449 2024 1484 2054 et
1506 2017 1644 2053 intrare
1661 2016 1863 2066 permissus
1877 2043 1887 2060 ,

483 2094 663 2135 tauquam
685 2083 914 2120 allocuturus
937 2081 1177 2132 juvenculam
1203 2079 1248 2116 de
1270 2079 1385 2130 regali
1409 2077 1584 2115 mandato
1600 2107 1610 2125 ‚
1635 2079 1761 2115 statim
1780 2091 1884 2114 versa

485 2149 563 2184 viee
582 2147 682 2183 solus
696 2161 782 2183 eum
799 2145 875 2181 sola
893 2144 1044 2181 secretis
1061 2158 1149 2179 usus
1168 2142 1358 2193 alloquiis,
1377 2150 1411 2178 et
1430 2141 1524 2178 datis
1537 2140 1774 2192 amplexibus
1786 2169 1796 2188 ,
1815 2154 1885 2175 eu-

486 2213 563 2261 pito
585 2210 763 2248 satisfecit
783 2209 916 2245 amori.
945 2208 1093 2244 Interea
1124 2221 1209 2243 cum
1230 2207 1305 2256 jam
1326 2205 1656 2255 appropinquante
1678 2204 1763 2240 luce
1788 2202 1886 2250 diei,

484 2289 549 2325 per
576 2274 722 2311 silentia
753 2272 873 2312 noctis
891 2299 901 2318 ⁷
933 2271 1033 2308 uude
1065 2278 1240 2315 venerat,
1268 2268 1413 2320 regredi
1443 2268 1584 2313 vellet,
1613 2267 1659 2304 de
1688 2266 1890 2317 improviso

526 2440 569 2475 (ι)
585 2436 740 2474 Enbard,
765 2435 876 2466 moine
895 2434 937 2465 de
956 2432 1077 2470 fulde,
1100 2439 1223 2463 auteur
1241 2431 1281 2463 de
1297 2431 1329 2462 la
1350 2430 1518 2473 premiere
1536 2429 1646 2471 partie
1664 2429 1722 2460 des
1740 2428 1889 2461 Annales

484 2486 525 2517 ‹le
550 2487 667 2523 l³ul‹le‚
693 2487 743 2517 sut
766 2485 797 2517 le
823 2484 1081 2526 contemporali]
1105 2490 1139 2514 et
1161 2483 1230 2513 l'un
1252 2483 1310 2514 des
1330 2483 1418 2514 deux
1442 2481 1606 2522 premiers
1633 2480 1890 2512 continuateurs

484 2527 707 2581 ‹l'ssginhartL
728 2538 787 2569 Sos
808 2537 957 2569 Annales
979 2536 1164 2568 s’e'teudent
1191 2535 1233 2566 «lc
1255 2535 1321 2567 l'an
1339 2536 1402 2568 680
1426 2534 1442 2565 :¹1
1461 2533 1527 2564 l'an
1550 2533 1622 2566 838.
1651 2533 1761 2570 Pei-iz,
1785 2536 1888 2575 Script.

487 2589 699 2630 t‹11n.I.1›ag.
716 2589 795 2630 3605
815 2588 859 2619 D.
880 2588 1030 2630 Bouquct
1047 2613 1054 2625 ‚
1073 2587 1123 2620 VI
1136 2613 1142 2625 ‚
1165 2598 1236 2618 Ἧι).

528 2640 571 2679 (a)
590 2639 799 2670 thionville.

528 2690 570 2732 «3)
590 2691 617 2722 Α
632 2690 874 2733 seligenstadt.
