1924 3183
417 163 487 198 180
995 158 1239 196 RAROLUs.

408 258 552 303 esset,
581 247 808 294 convenit
834 247 958 292 inter
992 248 1145 310 ipsum
1169 257 1309 310 atque
1334 245 1596 291 Adrianum
1624 247 1823 310 pontifl-

410 343 536 381 cem,
566 335 618 369 ut
639 323 779 370 simul
798 324 973 389 legatos
993 325 1241 371 mitterent
1265 323 1321 369 ad
1346 323 1643 370 Tassilonem
1667 326 1824 388 Bajoa-

410 404 494 449 riae
525 402 720 459 ducem,
756 403 841 466 qui
881 419 989 449 eum
1014 411 1379 449 commonerent
1418 401 1474 449 de
1506 413 1822 461 sacramento,

409 480 539 545 quod
566 480 770 545 Pippino
802 481 901 545 regi
939 492 985 527 et
1011 481 1119 527 filiis
1144 483 1240 545 ejus
1264 498 1316 526 ac
1347 481 1541 526 Francis
1557 483 1823 544 juraverat,

409 559 589 605 scilicet
622 569 674 604 ut
707 558 944 621 subjectus
969 568 1016 605 et
1040 557 1264 605 obediens
1297 558 1360 604 eis
1394 575 1488 604 esse
1515 557 1708 605 deberet
1737 559 1824 623 (1).

410 636 561 684 Electi
582 653 634 681 ac
652 635 817 682 directi
839 646 951 681 sunt
976 637 1023 682 in
1050 635 1171 682 hanc
1194 635 1478 701 legationem
1494 635 1550 682 de
1564 646 1696 699 parte
1710 653 1829 700 pon-

411 714 550 760 tificis
572 715 827 759 Formosus
852 714 920 775 (2)
945 730 996 758 ac
1019 715 1242 759 Damasus
1273 712 1510 777 episcopi,
1544 723 1591 759 et
1618 712 1675 759 de
1698 723 1830 776 parte

409 793 530 857 regis
545 791 791 838 Richolfus
812 791 1037 837 diaconus
1053 801 1194 855 atque
1211 789 1514 837 Eberhardus
1530 790 1599 853 (3)
1612 791 1831 854 magister
1864 786 1866 788 V

410 871 767 934 pincernarum.
806 868 899 927 Qui
928 885 1036 914 cum
1057 904 1069 925 ,
1102 878 1153 913 ut
1176 868 1285 932 jussi
1315 878 1477 923 erant,
1515 885 1623 913 cum
1647 885 1832 915 memo-

413 956 517 992 rato
542 945 658 991 duce
684 945 871 1010 loquuti
899 955 1052 991 essent
1073 980 1085 1001 ‚
1116 945 1163 991 in
1190 955 1377 990 tantum
1403 961 1486 990 cor
1517 946 1612 1008 ejus
1649 944 1832 991 emolli-

415 1035 517 1069 tum
544 1034 629 1078 est,
658 1034 709 1068 ut
731 1022 927 1078 diceret,
955 1040 1001 1068 se
1027 1023 1187 1068 statim
1212 1022 1331 1068 velle
1355 1022 1409 1067 ad
1435 1022 1557 1086 regis
1580 1039 1834 1086 properare

412 1101 710 1165 praesentiam
730 1136 743 1156 ‚
774 1100 809 1144 si
837 1099 925 1144 sihi
960 1099 1074 1146 tales
1099 1098 1284 1146 obsides
1308 1099 1512 1155 dentur,
1542 1097 1629 1144 sub
1661 1098 1833 1163 quibus

414 1178 470 1224 de
507 1194 585 1222 sua
624 1176 772 1222 salute
813 1175 1032 1222 dubitare
1076 1176 1206 1221 nulla
1249 1177 1306 1221 sit
1345 1175 1610 1222 necessitas.
1651 1174 1833 1235 Quibus

413 1255 549 1311 datis,
569 1254 668 1300 sine
684 1253 988 1300 cunctatione
1011 1252 1134 1316 apud
1153 1253 1481 1300 Wormaciam
1499 1252 1554 1298 ad
1578 1270 1737 1317 regem
1753 1269 1834 1299 ve-

412 1333 513 1388 nit,
555 1341 901 1378 sacramentum
939 1330 1067 1395 quod
1106 1329 1366 1393 jubebatur
1402 1331 1581 1394 juravit
1597 1366 1610 1387 ,
1652 1329 1835 1377 obsides

414 1408 664 1455 duodecim
706 1408 787 1473 qui
830 1406 1191 1471 imperabantur
1228 1409 1328 1454 sine
1362 1425 1496 1455 mora
1523 1407 1682 1465 dedit,
1717 1424 1836 1473 quos

418 1485 701 1532 sindbertus
725 1486 819 1549 (4),
848 1486 1126 1550 Reginensis
1153 1486 1399 1550 episcopus
1427 1485 1484 1532 de
1515 1487 1746 1549 Bajoaria,
1788 1486 1836 1532 in

416 1561 652 1608 Carisiaco
670 1562 726 1608 ad
746 1573 1055 1631 conspectum
1074 1563 1193 1626 regis
1214 1561 1426 1608 adduxit.
1455 1561 1543 1608 Sed
1569 1561 1692 1608 idem
1712 1562 1831 1619 dux,

417 1640 614 1686 domum
638 1656 875 1696 reversus,
904 1656 1001 1685 nou
1027 1639 1110 1685 diu
1136 1640 1183 1685 in
1204 1656 1254 1686 ea
1274 1657 1416 1704 quam
1436 1639 1720 1703 promiserat
1745 1638 1835 1686 fide

417 1718 697 1782 permansit.
736 1721 835 1764 Rex
875 1727 1032 1764 autem
1066 1717 1113 1762 iu
1143 1717 1303 1764 eadem
1333 1716 1440 1762 villa
1471 1715 1674 1762 hiemem
1701 1726 1836 1763 tran-

419 1797 565 1853 siens,
589 1807 635 1842 et
653 1796 857 1842 natalem
878 1796 1072 1842 Domini
1099 1807 1146 1841 et
1166 1794 1336 1841 Pascha
1361 1795 1527 1841 eodem
1554 1795 1601 1840 in
1625 1795 1733 1841 loco
1758 1812 1836 1841 ce—

422 1873 595 1919 Ecbravi
606 1885 621 1919 t
648 1874 736 1936 (5).

466 2096 515 2140 (1)
542 2095 597 2128 Ita
615 2094 726 2128 hahet
738 2093 904 2128 Pertzius
918 2100 955 2127 et
972 2092 1050 2127 cod.
1071 2094 1223 2128 Armau.
1245 2106 1263 2127 a
1279 2094 1323 2128 D.
1341 2094 1455 2140 Bouq.
1481 2094 1517 2127 in
1533 2094 1627 2128 notis
1646 2095 1720 2128 suis
1738 2094 1836 2128 laud.

420 2154 512 2190 Cod.
527 2154 669 2188 Trevir.
687 2159 725 2187 ut
738 2152 926 2199 subjectus
941 2154 992 2186 eis
1004 2158 1099 2187 esset
1114 2160 1147 2187 et
1161 2152 1347 2188 obediens.
1362 2153 1520 2186 Ruenar.
1538 2165 1657 2187 comes
1673 2169 1678 2186 ·.
1699 2159 1738 2187 ιιί
1751 2154 1838 2187 sub-

419 2217 536 2261 jectus
555 2219 650 2247 essct
670 2226 713 2247 ac
732 2211 915 2246 obediens
931 2211 976 2245 D.
998 2212 1113 2259 Bouq.
1138 2218 1176 2246 ut
1195 2214 1246 2246 eis
1265 2226 1293 2246 s.
1315 2225 1343 2246 e.
1367 2225 1410 2246 ac·
1429 2225 1463 2245 ι).

468 2276 516 2319 (12)
543 2274 601 2308 Sic
622 2273 663 2306 Ι).
683 2273 798 2319 Bouq.
820 2271 971 2305 Freher.
989 2279 1025 2305 et
1044 2271 1205 2305 Nuenar.
1230 2283 1368 2315 comes,
1395 2284 1477 2305 cum
1498 2271 1605 2306 codd.
1622 2270 1832 2306 vindobon.

427 2348 488 2369 110
508 2342 543 2369 et
563 2347 644 2382 990.
666 2334 772 2367 Pcrtz
790 2349 795 2366 :
819 2332 1055 2367 Γοιήιοηςιωκ

468 2394 519 2439 (5)
546 2394 615 2429 All.
638 2392 905 2435 Elnu’lzardm,
928 2392 1176 2426 Eberharlus.

468 2457 518 2495 (4)
544 2453 602 2487 Al.
621 2451 873 2491 Sindbewhmnj
894 2452 938 2485 D.
964 2452 1076 2498 ssouq.
1097 2450 1328 2485 Szcidberlus.

468 2512 515 2557 (ἦ)
544 2513 611 2547 tlte
629 2512 775 2546 Frehcr.
801 2510 902 2545 addit
930 2527 934 2544 ς
961 2510 1113 2544 Hisdcm
1129 2509 1258 2544 (lz'clms
1278 2508 1452 2555 daeffzmclo
1478 2506 1689 2541 Guiclmrdo
1706 2506 1836 2541 abbate

425 2560 576 2604 1⁷‹t2s12n'2h'
593 2572 720 2605 Sans-If
743 2571 930 2605 Germani.
958 2571 1137 2603 Halm-tw:
1154 2570 1187 2603 in
1212 2570 1387 2612 regimine
1407 2567 1652 2600 subvtiluimr.
