1924 3183
422 168 497 202 190
997 160 1248 198 KAROLUS.

421 248 656 313 {ligerenh
696 247 804 306 Quo
830 247 1002 295 nuntio
1028 257 1320 304 commotus,
1349 247 1565 293 adunatis
1589 266 1696 314 quae
1732 260 1833 297 tum

422 327 479 373 ad
499 343 545 373 se
562 333 815 381 venerant,
841 341 1050 389 quasque
1067 334 1177 370 ante
1201 341 1359 370 secum
1379 323 1580 371 habebat
1593 361 1606 382 ,
1629 327 1836 374 Franco-

422 422 531 451 rum
556 403 728 468 copiis,
756 402 812 448 ad
843 402 1003 449 locum
1029 400 1111 447 ubi
1139 401 1213 465 (1)
1239 402 1506 466 congregati
1537 414 1700 460 erant,
1739 405 1837 452 sine

421 480 650 528 dilatione
682 478 924 544 profectus
959 489 1056 536 est,
1091 495 1462 544 congressusque
1497 497 1605 526 cum
1640 480 1729 537 eis,
1766 499 1839 528 ea-

424 559 532 605 dem
551 575 642 622 qua
666 568 713 604 et
735 556 866 621 prius
890 556 1115 603 felicitate
1133 556 1394 602 dimicavit.
1423 556 1551 603 Caesa
1574 568 1643 604 est
1674 575 1838 604 eorum

424 636 609 683 infinita
630 634 910 691 multitudo,
931 634 1172 699 spoliaque
1185 634 1386 698 direpta,
1411 635 1708 698 captivorum
1725 653 1840 700 quo-

422 732 514 780 que
551 730 750 777 magnus
786 710 1016 758 abductus
1055 723 1123 759 est
1164 730 1404 759 numerus.
1428 711 1563 759 .Inde
1596 713 1752 759 victor
1784 713 1841 760 ad

423 794 660 840 orientem
678 792 769 838 iter
783 791 1039 848 convertit,
1060 791 1314 857 primoque
1333 808 1482 857 usque
1495 791 1551 837 ad
1574 792 1838 849 Wisuram,

422 871 592 919 deinde
628 886 775 933 usque
804 868 861 915 ad
884 867 1074 914 Albiam
1100 869 1173 932 (2)
1199 878 1365 915 cuncta
1404 868 1689 917 devastando
1729 886 1843 932 per-

422 949 616 1015 agravit.
643 946 758 994 Inde
781 963 996 993 reversus
1024 947 1071 994 in
1104 947 1378 1004 Franciam‚
1406 947 1542 994 duxit
1560 965 1760 995 uxorem
1786 947 1844 994 fi-

423 1026 536 1072 liam
577 1023 761 1071 Radolfi
799 1023 871 1088 (ὅ)
897 1023 1084 1070 comitis
1126 1023 1320 1070 natione
1358 1025 1588 1070 Francam
1605 1060 1619 1081 ,
1648 1024 1844 1071 nomine

422 1102 719 1159 Fastradam‚
743 1119 799 1148 ex
816 1119 907 1167 qua
931 1101 1044 1148 duas
1064 1101 1181 1148 filias
1204 1103 1490 1166 procreavit.
1515 1102 1697 1149 Eodem
1716 1120 1844 1149 anno

423 1180 646 1228 defuncta
668 1189 737 1226 est
754 1177 896 1225 bonae
915 1180 1160 1225 memoriae
1186 1189 1338 1226 mater
1357 1181 1479 1244 regis
1499 1179 1758 1227 Berhtrada
1777 1197 1841 1227 ιν.

425 1257 493 1304 ld.
511 1258 537 1303 J
541 1257 606 1302 ul.
629 1257 731 1320 Ipse
746 1256 795 1302 in
816 1256 1086 1303 Heristallio
1102 1256 1211 1303 villa
1233 1255 1410 1303 ibidem
1428 1256 1719 1304 hiematurus
1733 1275 1844 1306 con-

423 1334 544 1380 sedit
559 1370 570 1389 ,
599 1332 758 1397 ibique
777 1333 981 1380 natalem
1001 1334 1195 1380 Domini
1217 1351 1269 1379 ac
1290 1344 1507 1380 sanctum
1526 1334 1696 1381 Pascha
1721 1334 1844 1382 cele-

423 1411 600 1456 bravit.

931 1550 1328 1597 DCCLXXXIV.

490 1662 609 1707 Cum
645 1659 857 1723 primum
909 1659 1213 1722 oportunitas
1250 1660 1479 1723 temporis
1525 1660 1716 1706 advenit
1731 1695 1745 1716 ,
1786 1660 1842 1706 ad

424 1738 645 1803 reliquias
660 1736 769 1783 belli
788 1735 1006 1782 Saxonici
1027 1735 1342 1783 conficiendas
1357 1754 1439 1784 rex
1458 1738 1619 1785 animo
1633 1738 1839 1796 intento,

426 1833 537 1861 cum
558 1814 767 1861 exercitu
793 1813 841 1859 in
866 1813 972 1860 loco
992 1813 1073 1877 qui
1094 1812 1352 1877 Lippeham
1373 1815 1445 1877 (Δ)
1469 1825 1692 1872 vocatur,
1718 1816 1843 1862 Hre-

425 1912 542 1940 num
563 1892 746 1956 trajecit
764 1891 833 1955 (5)
848 1927 861 1948 ‚
889 1903 936 1937 et
958 1892 1146 1937 vastatis
1168 1891 1510 1939 westfalorum
1535 1893 1685 1956 pagis,
1711 1893 1843 1940 venit

424 1972 481 2018 ad
506 1970 768 2017 Wisuram.
797 1968 1012 2032 Cumque
1032 1969 1082 2013 in
1105 1986 1160 2015 eo
1184 1968 1291 2015 loco
1315 1969 1396 2033 qui
1420 1968 1626 2015 Huculbi
1644 1969 1838 2028 dicitur,

426 2050 586 2096 castris
611 2065 751 2111 super
778 2046 978 2093 fluvium
1006 2047 1172 2110 positis
1207 2046 1517 2104 consedisset,
1556 2047 1676 2093 vidit
1707 2065 1754 2094 se
1790 2048 1839 2093 in

424 2126 713 2194 aquilonales
742 2125 958 2171 Saxoniae
991 2136 1173 2188 partes,
1206 2125 1327 2170 sicut
1366 2135 1615 2182 statuerat,
1643 2136 1840 2189 propter

425 2207 594 2253 nimias
615 2221 844 2269 aquarum
865 2201 1199 2249 inundationes
1214 2238 1226 2259 ‚
1253 2221 1361 2267 quae
1381 2214 1484 2249 tum
1509 2203 1579 2267 (6)
1597 2202 1758 2249 subito
1783 2220 1838 2250 ex

470 2388 521 2432 (1)
545 2386 604 2421 Sic
622 2385 742 2418 Pertz.
761 2389 798 2416 et
820 2382 866 2415 D.
885 2381 1000 2429 Bouq.
1017 2402 1063 2407 —
1078 2382 1261 2416 Freherus
1283 2398 1288 2415 t
1313 2395 1395 2428 quo.

470 2448 520 2492 (⁴2)
545 2446 590 2479 D.
611 2445 726 2489 Bouq.
747 2442 885 2476 Albim.

471 2505 520 2552 (3)
546 2505 617 2541 All.
637 2502 806 2550 Radzcssi,
828 2501 1004 2544 Radolclc',
1027 2500 1213 2548 Ruotlolfi.

473 2567 521 2609 (4)
548 2564 617 2599 All.
636 2564 830 2609 Lippmm,
851 2561 1004 2606 Lippz'ez,
1022 2560 1246 2606 Ll'ppelzeim.

474 2623 522 2668 (ἦ)
549 2621 665 2656 (Ζοάἀ.
688 2620 899 2654 Vindobon.
927 2631 988 2653 110
1008 2625 1044 2652 et
1060 2631 1128 2665 990
1151 2635 1156 2652 τ
1180 2620 1358 2652 transivit.

478 2685 520 2728 ¹6)
550 2683 706 2716 Nnenar.
726 2691 845 2714 comes
870 2696 874 2712 :
899 2686 970 2712 lam
990 2679 1120 2713 subito.
