1924 3183
430 149 500 185 168
1001 144 1246 182 KAROLUS.

424 249 570 296 usque
610 231 809 277 fluvium
846 231 1077 294 persecuti
1112 239 1240 275 sunt.
1276 229 1388 274 Haec
1417 245 1525 274 cum
1558 231 1656 294 regi
1692 231 1826 278 allata

422 309 653 373 fuissent(
667 327 675 354 ι
687 309 726 372 ),
742 320 981 357 conventu
997 307 1119 372 apud
1131 307 1460 353 Wormaciam
1480 305 1642 354 habito
1655 343 1668 365 ,
1691 310 1829 356 Saxo-

423 388 551 433 niam
574 387 673 434 sine
702 404 837 434 mora
863 387 1027 433 statuit
1052 403 1160 431 cum
1193 385 1403 432 exercitu
1433 402 1528 432 esse
1549 386 1826 449 petendam,

425 466 774 530 contractisque
812 465 1083 530 ingentibus
1110 464 1258 527 copiis
1300 464 1400 527 (2),
1436 473 1565 510 tanta
1595 464 1833 513 celeritate

421 543 476 589 ad
502 542 787 589 destinatum
808 560 832 587 a
851 559 898 588 se
918 542 966 588 in
989 541 1190 588 Saxonia
1213 540 1374 587 locum
1397 541 1639 603 pervenit,
1661 551 1714 587 ut
1733 558 1833 588 om-

421 637 502 667 nes
522 619 731 667 hostium
745 629 966 675 conatus,
988 617 1161 684 quibus
1185 618 1225 665 ei
1245 619 1462 665 resistere
1486 617 1716 682 parabant
1735 619 1830 683 (5),

421 697 499 744 illa
521 697 825 745 festinatione
843 707 1151 761 praeverteret
1174 698 1264 761 (4).
1294 696 1416 743 Nam
1435 696 1496 758 ‘ad
1518 695 1708 744 fontem
1726 697 1833 761 Lip-

419 777 510 840 piae
533 777 726 823 veniens
740 811 753 832 ,
783 776 1060 822 immensam
1082 775 1206 822 illius
1224 775 1391 840 perfidi
1415 775 1581 840 populi
1606 775 1833 822 multitu-

420 854 581 901 dinem
597 854 728 901 velut
744 854 960 901 devotam
981 871 1032 899 ac
1057 854 1337 918 supplicem,
1359 864 1406 900 et
1418 853 1547 918 quasi
1563 853 1739 901 erroris
1762 853 1833 899 sui

419 931 679 995 poeniteret
696 930 789 994 (5),
816 930 1001 977 veniam
1025 941 1299 993 poscentem
1325 930 1524 977 invenit.
1551 929 1637 975 Cui
1662 946 1770 976 cum
1788 940 1837 976 et

421 1007 794 1055 misericorditer
812 1008 1092 1072 ignovisset,
1114 1018 1161 1054 et
1176 1025 1253 1055 eos
1271 1008 1353 1073 qui
1373 1025 1420 1054 se
1436 1006 1716 1054 christianos
1732 1006 1833 1054 fieri

419 1085 537 1133 velle
561 1083 877 1141 affirmabant,
906 1083 1134 1148 baptizari
1164 1084 1377 1141 fecisset,
1413 1083 1531 1131 datis
1554 1094 1602 1131 et
1633 1084 1837 1148 acceptis

420 1178 509 1225 pro
525 1160 615 1207 fide
638 1160 862 1207 servanda
880 1160 1193 1207 fraudulentis
1213 1161 1473 1207 eorundem
1497 1160 1836 1224 promissioni-

420 1239 536 1295 bus,
563 1236 806 1285 obsidibus
844 1255 1037 1302 quoque.
1077 1255 1195 1302 quos
1235 1239 1573 1301 imperaverat,
1602 1238 1833 1301 receptis,

420 1313 710 1379 AEresburgo
725 1325 878 1360 castro
896 1313 1027 1378 quod
1050 1313 1264 1359 dirutum
1284 1323 1384 1361 erat
1406 1323 1668 1361 restaurato
1682 1349 1695 1370 ,
1717 1313 1834 1360 alio-

420 1409 512 1456 que
537 1391 726 1437 castello
748 1407 889 1454 super
907 1391 1125 1454 Lippiam
1151 1400 1428 1439 constructo
1444 1428 1456 1449 ,
1483 1401 1530 1437 et
1554 1391 1607 1436 in
1629 1401 1836 1455 utroque

422 1485 521 1516 non
537 1466 726 1514 modico
746 1466 967 1531 praesidio
983 1467 1169 1524 relicto,
1195 1467 1291 1531 ipse
1311 1468 1359 1513 in
1379 1466 1580 1512 Galliam
1599 1483 1829 1524 reversus,

423 1547 470 1591 in
495 1545 602 1591 villa
630 1544 900 1591 Heristallio
927 1544 1167 1592 hiemavit.

940 1668 1307 1716 DCCLXXVII.

489 1768 588 1813 Rex
611 1768 763 1830 prima
795 1767 916 1813 veris
955 1768 1191 1831 aspirante
1228 1768 1454 1831 temperie
1489 1766 1836 1831 Noviomagum

422 1845 664 1909 profectus
703 1857 804 1903 est,
835 1856 881 1892 et
921 1856 1027 1910 post
1070 1846 1352 1894 celebratam
1389 1845 1564 1892 ibidem
1605 1845 1837 1892 Paschalis

422 1923 527 1969 festi
572 1923 950 1980 solemnitatem,
992 1933 1191 1987 propter
1227 1922 1550 1969 fraudulentas
1593 1923 1836 1969 Saxonum

424 2001 786 2065 promissiones,
817 2000 988 2065 quibus
1016 2000 1158 2047 fidem
1196 1999 1367 2047 habere
1391 2017 1489 2046 non
1527 2009 1741 2063 poterat,
1779 1999 1836 2046 ad

424 2077 585 2124 locum
601 2077 681 2141 qui
710 2075 982 2122 Padrabrun
1019 2077 1093 2140 (6)
1120 2087 1342 2134 vocatur,
1371 2076 1636 2140 generalem
1669 2075 1833 2140 populi

471 2247 520 2291 (1)
546 2245 698 2280 Freher.
720 2250 756 2277 et
774 2244 817 2277 D.
834 2244 950 2290 Bouq.
974 2243 1069 2288 Regi
1084 2246 1356 2277 nuntiarentur.

471 2306 522 2347 (2)
549 2304 683 2346 Iidem,
708 2304 910 2337 Saxoniam
922 2309 1044 2348 petere
1061 2306 1202 2346 statuit,
1220 2305 1487 2348 contractisque
1505 2303 1629 2347 copiis.

471 2362 519 2408 (5)
546 2363 682 2405 Iidem,
704 2362 945 2397 conabantur.

472 2424 521 2468 (4)
549 2421 665 2457 Codd.
688 2421 898 2457 Vindobon.
921 2433 982 2455 110
999 2428 1034 2455 et
1051 2434 1118 2468 990
1136 2437 1142 2455 ς
1158 2427 1392 2468 perverteret.
1409 2421 1463 2454 lta
1481 2419 1615 2453 habent
1632 2419 1781 2453 Freher.
1798 2427 1833 2453 et

428 2482 468 2515 l).
490 2482 605 2527 bouq.

474 2541 522 2585 (5)
548 2542 651 2574 Pertz
666 2556 670 2572 :
684 2546 717 2574 et
728 2552 838 2586 quam
850 2541 1258 2585 errorissuipoeniteret,
1270 2552 1305 2573 v.
1316 2552 1353 2585 p.
1370 2540 1391 2571 ι’.
1407 2558 1447 2562 κ-
1463 2537 1505 2570 D.
1520 2536 1633 2584 Bouq.
1651 2548 1732 2570 cum
1746 2537 1831 2570 Fre-

431 2601 506 2633 lwr.
522 2613 564 2633 aa·
576 2601 683 2645 qnasi
699 2601 830 2632 erroris
848 2600 905 2632 ,ςιιί
921 2611 952 2632 υ.
966 2613 1000 2643 μ.
1014 2601 1036 2631 ι’.
1054 2599 1103 2632 Ex
1117 2605 1271 2645 utraque
1286 2597 1441 2631 lectione
1451 2595 1571 2629 locum
1588 2595 1827 2629 restituimus.

479 2659 522 2697 ’6)
548 2659 617 2693 All.
638 2658 919 2697 Pathum-unm,
942 2658 1235 2694 Patlzarbrzmno,
1257 2656 1519 2698 Padrabannrr.
1543 2654 1825 2690 Padrabrtmna.
