1924 3183
356 153 432 190 368
875 147 1249 185 HLUDOVVICUS.

354 248 458 282 tum
482 252 640 299 regem
670 232 987 298 Bulgarorum
1011 232 1201 279 direxit.
1235 234 1418 280 Interea
1448 234 1594 282 hiems
1617 254 1776 301 aspera

353 313 580 377 valdeque
599 311 783 376 prolixa
800 321 870 358 est
888 309 1008 356 facta
1028 347 1038 367 ‚
1063 327 1171 374 quae
1195 327 1293 356 non
1317 310 1468 356 solum
1494 323 1661 360 caetera
1684 315 1778 360 ani-

351 391 508 447 malia,
522 407 688 436 verum
701 389 842 436 etiam
857 388 1072 435 homines
1087 387 1316 452 quosdam
1330 388 1622 437 immanitate
1636 390 1778 455 frigo-

352 470 416 515 ris
431 467 653 515 extinxit.
674 467 806 512 Luna
821 465 993 513 defecit
1010 482 1063 511 111
1084 482 1232 512 nonas
1247 476 1387 511 mart.
1410 466 1524 513 hora
1542 468 1695 514 noctis
1709 487 1775 516 se-

355 544 524 591 cunda.
546 545 709 608 Suppo
729 543 825 589 dux
842 543 1106 606 Spolitinus
1125 541 1368 589 decessisse
1388 545 1657 590 nuntiatur.

418 621 576 686 Legati
590 620 793 667 Romani
806 619 1047 683 pontificis
1058 620 1259 665 Romam
1269 621 1481 684 regressi,
1491 621 1694 668 eundem
1704 640 1774 667 va-

351 702 442 747 lida
459 699 736 746 infirmitate
750 698 999 744 detentum
1018 714 1070 743 ac
1085 697 1229 743 morti
1242 699 1339 760 jam
1358 699 1633 761 proximum
1648 700 1773 746 inve-

352 788 546 833 nerunt,
570 777 652 841 qui
675 776 817 822 etiam
835 775 995 839 paucis
1015 784 1123 838 post
1139 775 1395 821 adventum
1414 793 1580 822 eorum
1600 778 1773 823 exactis

350 856 515 904 diebus
538 856 631 900 vita
656 853 868 900 decessit.
896 855 946 898 ln
973 855 1104 916 cujus
1126 853 1287 899 locum
1312 870 1421 898 cum
1441 853 1536 900 duo
1559 871 1644 918 per
1664 871 1775 901 con-

350 936 617 982 tentionem
635 931 802 996 populi
828 930 1028 977 fuissent
1047 930 1210 987 electi,
1238 932 1479 995 Eugenius
1506 942 1663 978 tamen
1683 933 1770 995 (ι),

347 1010 733 1075 archipresbyter
758 1008 884 1055 tituli
916 1008 1100 1054 Sanctae
1133 1006 1346 1063 Sabinae,
1378 1010 1598 1056 vincente
1628 1008 1773 1057 nobi-

348 1090 467 1135 lium
491 1098 624 1152 parte
638 1122 651 1142 ⁵
681 1085 960 1148 subrogatus
984 1094 1126 1149 atque
1150 1084 1396 1130 ordinatus
1421 1095 1505 1131 est.
1535 1085 1679 1150 Cujus
1701 1088 1770 1134 rei

347 1165 576 1212 nuntium
604 1181 711 1209 cum
738 1162 969 1222 Quirinus
998 1159 1337 1218 subdiaconus,
1369 1179 1489 1207 unus
1514 1179 1570 1208 ex
1595 1161 1665 1208 his
1688 1164 1769 1227 qui

346 1242 498 1306 priori
529 1239 767 1304 legatione
800 1237 1143 1302 fungebantur,
1182 1236 1238 1283 ad
1271 1239 1608 1302 imperatorem
1639 1237 1772 1286 detu-

346 1321 503 1376 lisset,
542 1328 785 1365 conventu
820 1316 1011 1362 circiter
1040 1332 1127 1361 vm
1158 1314 1377 1362 kalendas
1405 1315 1510 1379 julii
1545 1333 1770 1379 pronun—

347 1399 490 1454 tiato,
518 1407 659 1461 atque
690 1393 971 1458 Compendii
1007 1392 1196 1450 habito,
1232 1394 1328 1458 ipse
1361 1393 1417 1440 ad
1448 1394 1771 1441 Britannicam

348 1475 706 1540 expeditionem
737 1490 822 1537 per
851 1489 897 1518 se
928 1470 1192 1518 faciendam
1223 1472 1384 1518 animo
1414 1472 1626 1530 intento,
1656 1473 1772 1519 Hlo-

350 1552 558 1599 tharium
585 1551 739 1597 filium
754 1586 767 1607 ‚
802 1550 989 1614 imperii
1013 1550 1219 1606 socium,
1247 1550 1450 1596 Romam
1476 1550 1667 1597 mittere
1689 1550 1772 1598 de-

348 1632 522 1687 crevit,
550 1641 606 1676 ut
628 1630 729 1676 vice
754 1646 834 1675 sua
862 1628 1084 1684 functus,
1115 1644 1165 1674 ea
1193 1645 1299 1693 quae
1328 1645 1491 1674 rerum
1522 1628 1769 1675 necessitas

346 1711 558 1775 flagitare
572 1706 839 1764 videbatur,
861 1724 969 1752 cum
988 1723 1116 1753 novo
1135 1705 1363 1770 pontifice
1380 1705 1655 1771 populoque
1670 1708 1764 1753 Ro-

346 1806 490 1835 mano
511 1797 738 1833 statueret
765 1796 906 1849 atque
931 1784 1156 1830 firmaret.
1181 1785 1244 1830 Et
1266 1783 1344 1830 ille
1370 1783 1565 1848 quidem
1584 1783 1641 1829 ad
1662 1784 1764 1831 haec

345 1864 640 1931 exsequenda
663 1874 770 1927 post
792 1861 1005 1910 medium
1026 1872 1277 1927 augustum
1301 1862 1350 1907 in
1370 1862 1551 1907 Italiam
1571 1862 1763 1926 profec-

345 1956 420 1990 tus
441 1953 525 1990 est.
550 1944 816 2005 Imperator
834 1958 948 1987 vero
965 1938 1057 1986 ¹iter
1074 1939 1202 2004 quod
1221 1939 1269 1984 in
1288 1939 1587 1985 Britanniam
1610 1940 1763 1988 facere

345 2031 590 2087 paraverat
625 2020 713 2082 (2),
752 2029 951 2083 propter
983 2018 1158 2064 famem
1192 2035 1300 2082 quae
1331 2016 1483 2063 adhuc
1512 2019 1764 2082 praevalida

346 2112 471 2157 erat,
501 2115 648 2163 usque
673 2097 729 2143 ad
755 2098 946 2143 initium
969 2096 1185 2142 autumni
1211 2095 1397 2161 aggredi
1423 2096 1605 2142 distulit
1627 2118 1637 2142 ε
1662 2107 1765 2143 tum

343 2179 565 2234 demum,
597 2175 812 2222 adunatis
843 2174 1052 2240 undique
1084 2173 1308 2221 omnibus
1342 2174 1515 2237 copiis,
1544 2176 1761 2222 Redonas

342 2258 581 2304 civitatem
603 2254 816 2301 terminis
833 2252 1095 2298 Britanniae
1115 2252 1386 2316 contiguam
1406 2252 1537 2298 venit
1551 2287 1563 2309 ,
1587 2263 1634 2299 et
1653 2252 1761 2300 inde

341 2337 491 2383 diviso
513 2335 562 2380 in
581 2345 674 2379 tres
694 2342 849 2396 partes
870 2332 1105 2388 exercitu,
1126 2329 1400 2394 duabusque
1418 2329 1631 2394 partibus
1650 2329 1757 2376 filiis

343 2416 435 2461 suis
465 2413 671 2476 Pippino
699 2421 746 2457 et
774 2409 1059 2458 Hludowico
1091 2407 1302 2464 traditis,
1330 2408 1564 2472 tertiaque
1597 2424 1755 2454 secum

389 2609 437 2651 (ι)
464 2607 582 2640 Nucu.
606 2617 698 2639 com.
715 2611 751 2637 et
770 2604 814 2637 D.
838 2604 951 2649 Bouq.
970 2610 1045 2636 tum
1064 2601 1373 2648 archipresbyter.

388 2668 433 2699 '‘2‘'
463 2665 531 2699 lid.
554 2666 773 2697 instituerat.
