2043 3193
554 155 605 193 64
890 149 1015 188 VITA
1044 149 1239 189 KAROLI
1271 146 1634 188 IMPERATORIS.

619 238 760 285 XIX.
794 236 989 284 Liberos
1012 253 1120 283 suos
1140 237 1203 282 ita
1227 236 1412 282 censuit
1436 235 1782 293 instituendos,
1803 247 1858 283 ut
1875 248 1971 284 tam

556 317 638 362 filii
661 333 803 380 quam
826 314 937 362 filiae
956 315 1030 379 (ι)
1050 315 1208 379 primo
1230 311 1505 360 liberalibus
1525 313 1688 360 studiis
1699 350 1713 372 ,
1734 313 1908 378 quihus
1925 325 1972 362 et

551 395 650 458 ipse
669 410 865 458 operam
881 391 1048 450 dabat,
1076 391 1400 439 erudirentur.
1421 391 1548 436 Tum
1569 390 1692 438 filios
1705 428 1720 450 ,
1744 409 1855 438 cum
1874 393 1971 455 pri-

550 488 687 516 mum
725 480 836 516 aetas
877 468 1172 533 patiebatur,
1211 484 1346 515 more
1381 468 1679 514 Francorum
1720 469 1933 533 equitare
1952 505 1965 525 ,

551 549 694 594 armis
723 565 776 593 ac
803 546 1050 594 venatibus
1083 547 1154 609 (2)
1188 546 1394 592 exerceri
1419 544 1564 601 fecit,
1595 544 1712 591 filias
1744 546 1815 608 (ὅ)
1852 562 1967 592 vero

551 626 761 672 lanificio
790 641 1075 680 assuescere,
1111 622 1315 687 coloque
1346 640 1398 668 ac
1430 622 1565 679 fuso,
1604 640 1664 669 ne
1695 641 1781 686 per
1811 623 1965 669 otium

550 713 824 768 torperent,
852 720 1045 766 operam
1069 700 1371 765 impendere,
1399 711 1540 765 atque
1564 700 1621 752 ,ad
1650 718 1844 748 omnem
1875 701 1967 747 ho-

548 790 780 827 nestatem
804 778 983 826 erudiri
1001 778 1158 842 jussit.
1191 778 1266 824 Ex
1291 777 1362 823 his
1391 777 1615 824 omnibus
1637 777 1756 824 duos
1778 788 1968 823 tantum

549 858 671 904 filios
701 868 748 904 et
771 874 915 903 unam
943 856 1117 912 filiam,
1152 856 1430 920 priusquam
1458 865 1747 911 moreretur,
1781 855 1964 913 amisit,

543 935 802 990 Karolum,
829 934 911 999 qui
941 936 1093 997 major
1122 943 1240 978 natu
1273 942 1399 989 erat,
1436 943 1484 979 et
1507 933 1793 995 Pippinum,
1823 949 1966 997 quem

544 1031 704 1078 regem
732 1012 879 1059 Italiae
903 1011 1207 1076 praefecerat,
1241 1022 1288 1058 et
1312 1012 1651 1059 Hruodrudem
1666 1047 1680 1068 ,
1706 1028 1816 1076 quae
1841 1011 1966 1057 filia-

544 1109 653 1137 rum
677 1093 774 1154 ejus
806 1089 1150 1153 primogenita,
1179 1098 1226 1135 et
1248 1106 1272 1134 a
1298 1089 1616 1135 Constantino
1633 1124 1646 1145 ,
1679 1087 1962 1135 Graecorum

544 1170 830 1232 imperatore
852 1202 865 1222 ,
933 1166 1211 1229 desponsata
1270 1176 1388 1212 erat.
1453 1165 1673 1226 Quorum
1733 1165 1962 1229 Pippinus

542 1263 693 1292 unum
724 1244 792 1308 (4)
827 1243 981 1290 filium
1010 1261 1147 1289 suum
1170 1242 1501 1290 Bernhardum
1527 1243 1621 1306 (5),
1655 1243 1773 1289 filias
1804 1252 1963 1288 autem

540 1324 773 1388 quinque,
793 1319 1100 1367 Adalhaidem
1120 1321 1206 1383 (6),
1229 1319 1424 1367 Atulam
1439 1322 1525 1383 (7),
1547 1319 1846 1366 Guntradam
1866 1320 1959 1383 (8),

538 1397 838 1446 Berthaidem
861 1397 933 1462 (9)
950 1433 963 1454 ,
987 1415 1040 1442 ae
1060 1396 1421 1444 Theoderadam
1441 1396 1566 1461 (ιο),
1591 1397 1864 1461 superstites
1888 1412 1961 1441 re-

537 1476 698 1540 liquit.
735 1476 790 1521 In
820 1473 995 1539 quibus
1028 1491 1111 1520 rex
1141 1474 1329 1538 pietatis
1360 1491 1456 1520 suae
1485 1474 1782 1537 praecipuum
1809 1472 1963 1520 docu-

536 1564 756 1601 mentum
779 1553 1005 1610 ostendit,
1029 1570 1139 1599 cum
1153 1589 1166 1610 ,
1189 1552 1291 1600 filio
1309 1552 1564 1609 defuneto,
1591 1562 1817 1616 nepotem
1836 1551 1959 1616 patri

539 1631 809 1687 succedere,
842 1642 889 1678 et
912 1641 1077 1695 neptes
1103 1632 1229 1678 inter
1258 1631 1376 1677 filias
1408 1648 1512 1677 suas
1535 1630 1723 1678 educari
1750 1629 1953 1676 fecisset.

583 1768 633 1812 (1)
660 1766 818 1800 Nuenar.
845 1777 966 1800 comes
983 1781 988 1798 t
1014 1771 1090 1799 tam
1095 1765 1178 1811 szlc'c'
1193 1778 1304 1810 quam
1324 1771 1485 1810 nepotes.
1518 1765 1638 1800 «Mira
1657 1765 1867 1811 corrigendi
1889 1778 1955 1799 au-

537 1828 661 1862 dacia!
683 1842 698 1857 »
719 1826 875 1871 (Pertz.)

583 1888 633 1933 (2)
659 1887 820 1921 Nuenar.
836 1898 958 1921 comes
977 1901 984 1927 ;
1003 1892 1039 1919 et
1056 1884 1161 1920 codd.
1182 1885 1396 1919 Vindobon.
1414 1884 1482 1921 558
1495 1914 1503 1925 ,
1524 1893 1561 1919 et
1579 1886 1773 1920 Zwetlens.
1789 1888 1955 1920 venatio-

539 1949 660 1982 nibus.

582 2006 631 2053 (5)
659 2006 717 2042 Cf.
736 2006 839 2041 Suet.
854 2007 953 2052 Aug.
974 2018 1003 2039 c.
1019 2005 1074 2046 64.

582 2068 633 2111 (4)
659 2065 752 2101 Cod.
774 2065 989 2100 vindobon.
1008 2077 1073 2112 90,
1094 2072 1131 2098 et
1148 2072 1239 2111 sept.
1260 2065 1321 2099 alii
1338 2065 1446 2099 codd.
1468 2068 1624 2100 wzicnm.

583 2125 631 2172 (5)
657 2125 728 2160 All.
750 2124 1031 2171 Berngtzrdum,
1064 2124 1344 2162 Ber-huardmn,
1375 2125 1665 2169 Bcrinlzardum,
1686 2125 1953 2168 Berz'nardum,

535 2184 786 2227 Bcraardum,
807 2184 1072 2218 Bernhartum.

578 2243 628 2289 (6)
653 2243 724 2278 All.
762 2242 1007 2282 Adalez'dem,
1048 2241 1318 2285 Adalheidem,
1360 2243 1636 2279 Adallzaidam.
1678 2243 1950 2283 Adallzeidam,

533 2303 800 2346 Adelheidam,
823 2302 1074 2345 Adellzedam,
1097 2302 1354 2337 Adellzeidem.

581 2365 631 2409 (7)
657 2361 727 2397 All.
756 2362 946 2403 Attulam,
970 2363 1157 2405 Alitilam,
1184 2362 1374 2406 Atz'tilczm,
1397 2363 1563 2398 Atalanz.

578 2424 626 2467 ’8)
652 2422 724 2457 All.
751 2421 1004 2465 szdralam,
1029 2422 1308 2467 Gutum-adam,
1336 2422 1595 2457 szdrczdam.

580 2486 629 2529 so)
656 2482 725 2517 All.
754 2482 984 2525 Bertaidem,
1012 2482 1273 2523 Bertlzaidam,
1310 2482 1544 2525 Bermidam,
1572 2482 1825 2523 Bertraidem,
1855 2482 1946 2517 Ber—

536 2542 710 2583 fluidam,
740 2541 1028 2583 Berlhadidam,
1055 2542 1252 2585 Bcrtltam,
1274 2542 1526 2577 Perllzaidam.

578 2603 649 2647 (10)
676 2602 744 2636 All.
769 2602 1055 2645 Theoderatam,
1079 2603 1369 2644 Theodoratmn,
1392 2601 1691 2641 lecodnmdanz,
1718 2600 1937 2635 Theodorus-

532 2660 614 2693 ‹lam
632 2689 636 2694 .
669 2661 948 2697 leodradam,
976 2661 1226 2695 Thecla-adam.
