1924 3183
431 209 502 246 134
1002 205 1249 244 PIPPINUS.

996 324 1261 373 DCCLVII.

490 431 831 482 Constantinus
868 432 1126 496 imperator
1161 430 1288 476 misit
1311 429 1519 494 Pippino
1549 429 1647 493 regi
1685 428 1834 477 multa

425 528 646 566 munera,
678 511 802 556 inter
832 527 937 574 quae
972 519 1018 555 et
1051 525 1282 573 organum
1309 508 1405 571 (1);
1436 524 1541 571 quae
1573 505 1629 552 ad
1653 524 1760 553 eum
1787 507 1835 553 in

427 587 722 652 Compendio
756 586 863 632 villa
903 596 1247 649 pervenerunt,
1290 583 1370 630 ubi
1413 595 1526 630 tunc
1563 584 1728 648 populi
1765 583 1834 629 sui

426 665 690 730 generalem
715 674 1005 710 conventum
1024 662 1203 709 habuit.
1232 663 1349 708 Illuc
1371 672 1417 709 et
1437 662 1616 708 Tassilo
1637 661 1730 708 dux
1752 662 1837 706 Ba-

418 743 684 806 joaiioium
709 758 816 786 cum
842 739 1135 804 plimolibus
1159 740 1310 803 gentis
1334 754 1436 785 suae
1454 739 1612 795 venit,
1635 749 1681 785 et
1704 755 1838 784 mole

425 820 636 866 flaneico
669 819 738 882 (2)
776 819 824 864 in
855 835 1021 863 manus
1065 818 1185 881 regis
1226 817 1274 863 in
1310 816 1586 863 xassatieum
1621 813 1841 860 manibus

428 899 522 943 suis
560 897 863 960 semetipsum
904 895 1281 953 commendavit,
1331 895 1699 958 fidelitatemque
1744 903 1840 939 tam

429 976 516 1040 ipsi
554 975 652 1040 regi
685 973 891 1038 Pippino
927 990 1067 1038 quam
1106 972 1213 1018 filiis
1251 974 1347 1036 ejus
1376 972 1554 1019 Karolo
1586 981 1632 1018 et
1669 970 1841 1016 Karlo-

426 1069 605 1099 manno
616 1049 926 1115 jurejurando
950 1067 1088 1114 supra
1113 1066 1284 1114 corpus
1309 1049 1457 1095 sancti
1481 1047 1698 1113 Dionysii
1722 1063 1842 1111 pro-

429 1130 558 1175 misit
575 1147 589 1186 3
621 1138 668 1175 et
692 1128 761 1191 (ὅ)
800 1143 901 1174 non
927 1127 1081 1174 solum
1102 1125 1166 1172 ibi
1183 1162 1197 1183 ,
1227 1126 1306 1173 sed
1338 1126 1478 1173 etiam
1501 1143 1641 1189 super
1670 1141 1843 1188 corpus

431 1206 579 1252 sancti
609 1205 805 1251 Martini
836 1214 882 1251 et
917 1205 1067 1250 sancti
1095 1203 1319 1251 Germani
1346 1204 1488 1250 simili
1520 1212 1841 1258 sacramento,

432 1283 575 1330 fidem
603 1300 650 1330 se
683 1281 925 1346 praedictis
951 1281 1157 1328 dominis
1184 1282 1278 1327 suis
1302 1281 1465 1328 diebus
1490 1282 1601 1327 vitae
1627 1299 1723 1327 suae
1743 1298 1846 1327 ser—

436 1372 685 1419 vaturum,
713 1371 782 1407 est
803 1360 1062 1423 pollicitus.
1093 1360 1322 1407 Similiter
1350 1370 1396 1407 et
1422 1377 1587 1408 omnes
1612 1359 1847 1423 primores

435 1457 487 1485 ae
516 1439 715 1502 majores
747 1448 864 1484 natu
885 1438 1085 1501 Bajoarii
1103 1476 1114 1496 ,
1136 1439 1217 1503 qui
1247 1456 1356 1484 cum
1387 1456 1442 1486 eo
1469 1438 1518 1484 in
1543 1437 1846 1501 praesentiam

433 1517 554 1582 regis
568 1526 905 1581 pervenerant,
921 1515 1064 1562 fidem
1083 1533 1129 1562 se
1141 1516 1239 1580 regi
1261 1525 1307 1562 et
1321 1514 1429 1561 filiis
1444 1516 1540 1578 ejus
1560 1525 1845 1572 servatur05‚

436 1595 483 1640 in
510 1593 753 1658 praedictis
776 1591 1125 1640 venerabilibus
1145 1592 1259 1640 locis
1278 1592 1623 1656 promiserunt.

997 1720 1284 1769 DCCLVIII.

501 1828 730 1892 PlPPlHUS
775 1844 858 1872 lex
906 1843 1014 1871 Cum
1058 1826 1267 1872 CXClCltU
1312 1825 1562 1871 SaXOlssam
1610 1840 1848 1888 aggressus

439 1917 508 1952 est
525 1905 618 1969 (4);
642 1915 688 1951 et
705 1903 919 1969 quamvis
941 1903 1204 1950 Saxonibus
1224 1903 1503 1950 validissime
1522 1901 1850 1949 lesistentibus

440 1994 487 2029 et
509 1983 801 2029 munitiones
838 1999 939 2027 suas
976 1981 1245 2038 tuentibus,
1274 1981 1418 2044 pulsis
1459 1979 1626 2044 praelio
1666 1996 1850 2044 propu-

440 2058 720 2125 gnatoribus
737 2094 749 2115 ‚
776 2076 862 2123 per
887 2059 1068 2122 ipsum,
1092 2076 1188 2123 quo
1213 2059 1413 2123 patriam
1434 2057 1685 2105 defendere
1709 2074 1848 2104 cona-

439 2137 639 2195 bantur,
656 2135 833 2182 vallum
854 2137 1065 2182 intravit.
1085 2136 1448 2200 Commissisque
1464 2135 1631 2199 passim
1650 2133 1846 2198 praeliis,

438 2215 694 2280 plurimam
712 2231 767 2260 ex
788 2213 896 2277 ipsis
919 2213 1278 2260 multitudinem
1298 2212 1471 2260 occidit
1491 2212 1581 2276 (5),
1604 2211 1851 2275 coegitque

526 2411 539 2454 )
566 2408 610 2442 D.
631 2407 748 2454 Bouq.
768 2419 921 2453 ormgana

501 2470 535 2513 )
561 2468 613 2503 Co
616 2467 651 2501 d.
672 2467 929 2501 Hannovfflan.
949 2479 1046 2501 more
1065 2467 1308 2503 Francorum

524 2530 534 2573 )
560 2528 605 2562 D.
624 2527 740 2574 Bouq.
760 2526 871 2561 sed...
881 2539 1047 2561 ..verum

510 2589 536 2631 )
561 2586 653 2621 Cod.
675 2586 930 2620 Hannoveian.
950 2598 1139 2633 zngressus
1157 2592 1221 2620 est.

490 2643 538 2688 5)
564 2645 618 2678 Ita
636 2644 760 2686 pertz,
780 2655 863 2678 cum
884 2644 963 2679 cod.
982 2644 1195 2681 Nindohon.
1212 2642 1291 2685 654.
1306 2642 1350 2677 D.
1367 2642 1479 2688 Bouq.
1494 2640 1725 2676 cumcaeteris
1740 2638 1845 2674 codd.

443 2710 472 2734 ⁰2
498 2702 583 2736 edit.
609 2701 748 2736 ‹wctcdcsst
