1924 3183
331 150 409 187 390
847 145 1221 184 HLUDOVVICUS.

329 235 643 281 rundensium
680 233 831 297 agris,
867 233 1086 296 villisque
1122 232 1349 287 incensis,
1389 234 1571 280 cunctis
1605 235 1746 281 etiam

331 329 440 376 quae
479 320 611 357 extra
648 308 788 356 urbes
825 312 1072 356 invenerat
1109 309 1330 373 direptis,
1372 327 1481 356 cum
1518 311 1746 359 incolumi

332 388 545 435 exercitu
571 387 972 451 Caesaraugustam
1007 404 1053 433 se
1088 385 1219 450 prius
1254 387 1513 451 reciperet,
1549 405 1693 452 quam
1724 407 1748 434 a

334 476 500 512 nostro
526 465 738 512 exercitu
760 465 831 511 vel
853 464 1001 511 videri
1025 463 1272 527 potuisset.
1300 464 1447 528 Hujus
1468 464 1609 511 cladis
1627 483 1749 529 prae-

335 544 456 608 sagia
479 542 654 590 credita
681 552 791 588 sunt
816 542 926 588 visae
948 541 1193 588 multoties
1213 541 1262 587 in
1288 541 1414 588 coelo
1437 542 1579 599 acies,
1608 553 1654 589 et
1674 542 1752 588 ille

335 620 564 669 terribilis
601 630 853 667 nocturnae
892 619 1230 666 coruscationis
1268 620 1318 665 in
1354 636 1458 666 aere
1494 619 1749 665 discursus.

335 701 602 763 Imperator
633 707 818 753 autem,
856 697 1042 744 duobus
1077 696 1392 744 conventibus
1421 696 1618 754 habitis,
1655 714 1755 744 uno

337 777 460 842 apud
494 777 783 841 Niumagum
816 775 888 838 (1)
919 785 1117 840 propter
1145 775 1280 821 falsas
1311 775 1508 823 Hohrici
1538 777 1632 840 (2),
1670 775 1755 822 filii

339 854 593 902 Godofridi
621 854 744 918 regis
779 854 1048 910 Danorum,
1081 853 1476 916 pollicitationes,
1511 853 1685 918 quibus
1712 871 1758 900 se

341 933 425 980 illo
445 932 502 978 ad
527 931 826 995 imperatoris
846 931 1149 994 praesentiam
1166 942 1425 977 venturum
1447 933 1755 995 promiserat,

341 1012 491 1058 altero
515 1010 639 1074 apud
675 1009 1052 1073 Compendium,
1090 1008 1137 1054 in
1173 1024 1271 1073 quo
1303 1019 1349 1055 et
1384 1009 1602 1055 annualia
1635 1008 1760 1056 dona

344 1089 574 1152 suscepit,
604 1097 652 1133 et
683 1086 753 1132 his
776 1086 857 1150 qui
884 1085 941 1131 ad
967 1102 1174 1130 marcam
1207 1085 1509 1148 Hispanicam
1539 1084 1759 1133 mittendi

344 1176 503 1223 erant,
540 1164 657 1229 quid
691 1163 765 1210 vel
795 1163 1001 1228 qualiter
1032 1179 1167 1226 agere
1194 1161 1448 1218 deberent,
1482 1163 1758 1226 imperavit,

347 1247 444 1310 ipse
470 1244 596 1290 inter
618 1241 969 1306 Compendium
994 1251 1040 1288 et
1064 1241 1380 1298 carisiacum,
1417 1252 1679 1306 caeteraque
1710 1241 1764 1287 iis

345 1323 501 1369 vicina
525 1320 695 1384 palatia
720 1337 869 1384 usque
892 1318 949 1364 ad
973 1318 1162 1366 hiberni
1188 1320 1416 1384 temporis
1437 1319 1630 1365 initium
1650 1336 1764 1367 con-

346 1411 556 1448 versatus
592 1409 676 1446 est.
717 1399 903 1445 Interea
939 1415 1069 1462 reges
1104 1398 1378 1455 Danorum,
1416 1398 1502 1446 filii
1544 1398 1761 1446 videlicet

350 1476 629 1533 Godofridi,
655 1474 971 1521 Hariholdum
996 1474 1053 1521 de
1077 1475 1322 1522 consortio
1341 1475 1475 1539 regni
1500 1475 1764 1539 ejicientes,

350 1555 780 1603 Nordmannorum
806 1551 982 1599 finibus
1009 1552 1233 1601 excedere
1259 1553 1615 1618 compulerunt.
1648 1553 1769 1600 Bul-

351 1633 450 1697 gari
474 1648 667 1697 quoque
689 1632 877 1678 Sclavos
902 1631 950 1677 in
974 1632 1219 1678 Pannonia
1244 1632 1456 1679 sedentes
1473 1668 1485 1688 ,
1514 1633 1655 1679 misso
1685 1650 1770 1696 per

352 1712 562 1758 Dravum
582 1709 735 1756 navali
762 1710 996 1764 exercitu,
1024 1708 1154 1756 ferro
1176 1721 1222 1756 et
1243 1709 1350 1774 igne
1373 1720 1696 1766 vastaverunt,
1724 1719 1771 1758 et

355 1787 559 1852 expulsis
587 1804 756 1835 eorum
779 1785 1003 1843 ducibus,
1037 1787 1307 1851 Bulgaricos
1336 1805 1477 1851 super
1508 1805 1586 1834 eos
1613 1796 1772 1834 recto-

355 1885 429 1914 res
455 1865 830 1912 constituerunt.
861 1865 1101 1929 Eugenius
1125 1882 1242 1929 papa
1272 1882 1431 1912 mense
1459 1876 1657 1930 augusto
1686 1865 1773 1912 de-

359 1943 522 1999 cessit,
552 1943 601 1987 in
631 1943 763 2005 cujus
790 1941 951 1988 locum
982 1941 1266 1989 Valentinus
1289 1941 1514 1988 diaconus
1540 1959 1564 1986 a
1595 1943 1775 1989 Roma-

358 2023 432 2068 nis
469 2030 515 2067 et
558 2019 733 2066 electus
773 2029 818 2065 et
858 2018 1133 2074 ordinatus,
1172 2019 1250 2064 vix
1286 2036 1435 2064 unum
1474 2035 1685 2066 mensem
1723 2019 1774 2065 in

358 2097 642 2164 pontificatu
663 2096 944 2160 complevit,
973 2114 1071 2161 quo
1091 2096 1319 2145 defuncto
1334 2133 1346 2155 ‚
1369 2097 1628 2162 Gregorius
1647 2115 1773 2162 pres-

360 2178 503 2244 byter
532 2176 657 2221 tituli
684 2176 831 2221 sancti
859 2176 1002 2222 Marci
1033 2176 1233 2233 electus,
1261 2177 1338 2223 sed
1370 2193 1469 2223 non
1493 2176 1625 2241 prius
1650 2175 1774 2223 ordi-

359 2267 497 2304 natus
518 2265 608 2312 est,
635 2272 777 2319 quam
798 2253 974 2318 legatus
1000 2255 1298 2318 imperatoris
1318 2256 1521 2302 Romam
1545 2255 1701 2311 venit,
1731 2264 1778 2301 et

361 2334 641 2381 electionem
673 2332 837 2396 populi
861 2332 1012 2396 qualis
1044 2343 1161 2379 esset
1185 2332 1469 2379 examinavit
1496 2332 1581 2395 (5)
1619 2331 1777 2395 Legati

409 2486 457 2529 (1)
484 2484 541 2519 Al.
563 2484 800 2529 fl‘l'umagmn.
823 2483 864 2516 D.
886 2483 1000 2531 Bouq.
1024 2491 1059 2518 et
1079 2484 1240 2518 Nilenar.
1267 2496 1361 2518 com.
1382 2483 1661 2529 -Noviomagonb
1684 2482 1775 2517 Cod.

363 2544 578 2578 Yindobon.
598 2555 666 2589 990
684 2558 689 2576 ς
711 2543 938 2589 sslogiogam.

411 2604 459 2646 (2)
485 2601 556 2636 All.
573 2600 715 2643 Hor-ici,
737 2601 898 2636 IIonrici.

414 2659 462 2701 {73}
489 2661 531 2693 D.
552 2660 664 2705 Bonq.
688 2673 768 2693 cuin
790 2661 950 2695 Nnc-nar.
974 2673 1063 2695 coin.
1082 2662 1124 2695 R.
1153 2664 1290 2696 immin!
1305 2668 1339 2694 cl
1358 2675 1385 2693 s.
1407 2674 1441 2705 μ,
1467 2662 1706 2693 omnnium«.
