1924 3183
389 146 466 182 286
977 144 1224 182 KAROLUS.

990 272 1209 318 DCCCX.

453 379 685 433 Amoroz,
720 379 1085 442 Caesaraugustae
1116 378 1399 442 praefectus,
1436 391 1683 446 postquam
1715 383 1807 429 im-

388 458 621 522 peratoris
655 458 791 521 legati
829 456 886 503 ad
918 473 1028 503 eum
1064 467 1416 520 pervenerunt,
1452 460 1592 522 petiit
1623 471 1676 506 ut
1705 461 1807 507 col—

387 534 604 599 loquium
638 533 772 580 fieret
808 533 934 580 inter
968 533 1121 597 ipsum
1153 543 1201 580 et
1233 533 1472 597 Hispanici
1506 535 1669 582 limitis
1702 554 1807 582 cus-

388 612 543 668 mdes,
564 611 851 676 promittens
870 629 916 658 se
936 611 986 656 in
1003 628 1059 658 eo
1078 610 1323 676 colloquio
1340 629 1448 657 cum
1469 614 1562 659 suis
1580 614 1806 661 omnibus

389 693 436 738 in
475 691 772 755 imperatoris
805 689 1040 736 ditionem
1075 707 1170 736 esse
1206 699 1494 748 venturum;
1531 692 1660 756 quod
1696 693 1805 739 licet

388 772 647 834 imperator
680 778 734 814 ut
767 767 900 814 fieret
936 767 1207 824 annuisset,
1246 767 1409 814 multis
1447 769 1807 816 intervenienti-

387 846 474 892 bus
489 846 654 905 causis,
675 844 902 890 remansit
922 843 1171 889 infectum.
1191 844 1370 901 Mauri,
1388 845 1444 890 de
1467 856 1565 891 tota
1585 846 1805 909 Hispania

388 923 590 969 maxima
622 921 762 966 classe
790 930 1090 984 comparata,
1117 921 1276 984 primo
1306 920 1569 967 Sardiniam
1588 958 1599 977 ,
1637 923 1805 970 deinde

387 1001 626 1048 Corsicam
651 997 939 1062 appulerunt
956 1033 969 1055 ‚
993 996 1224 1061 nulloque
1254 998 1303 1043 in
1331 1015 1381 1044 ea
1413 999 1609 1047 invento
1640 1001 1805 1063 praesi-

386 1079 499 1136 dio,
540 1075 741 1121 insulam
778 1091 898 1137 pene
938 1083 1087 1119 totam
1118 1072 1425 1138 subegerunt.
1467 1077 1647 1123 Interea
1690 1077 1804 1141 Pip—

386 1156 527 1219 pinus
565 1171 684 1211 rex,
727 1151 921 1216 perfidia
961 1150 1137 1196 ducum
1169 1151 1510 1199 Veneticorum
1553 1155 1800 1211 incitatu5‚

385 1231 634 1278 Venetiam
653 1228 783 1274 bello
804 1238 1022 1292 terraque
1042 1228 1259 1293 marique
1275 1230 1414 1292 jussit
1432 1241 1673 1294 appetere,
1696 1232 1803 1279 sub-

380 1310 597 1371 jectaque
616 1304 817 1351 Venetia
837 1321 888 1349 ac
908 1302 1107 1350 ducibus
1135 1306 1232 1368 ejus
1258 1305 1306 1350 in
1328 1305 1619 1353 deditionem
1643 1326 1803 1373 accep-

385 1387 443 1432 tis
464 1421 475 1440 ‚
521 1381 717 1430 eandem
758 1381 947 1427 classem
993 1381 1050 1427 ad
1094 1381 1337 1428 Dalmatiae
1383 1383 1545 1430 littora
1582 1385 1801 1432 vastanda

383 1464 531 1511 misit.
559 1460 648 1508 Sed
672 1478 782 1506 cum
805 1459 1002 1516 Paulus,
1029 1458 1283 1506 Cefalaniae
1302 1461 1373 1524 (1)
1395 1462 1668 1525 praefectus,
1691 1481 1801 1511 cum

383 1540 605 1590 orientali
628 1539 768 1585 classe
787 1537 844 1583 ad
864 1537 1095 1582 auxilium
1113 1537 1338 1583 Dalmatis
1356 1538 1605 1585 ferendum
1631 1541 1802 1589 adven-

384 1629 524 1676 taret,
546 1617 670 1680 regia
693 1614 847 1661 classis
860 1613 917 1659 ad
932 1614 1125 1678 propria
1142 1614 1427 1679 regreditur.
1447 1617 1703 1663 Hruodrud
1716 1620 1799 1681 (2),

384 1696 478 1742 filia
496 1691 796 1757 imperatoris
811 1708 918 1754 quae
933 1700 1049 1736 natu
1064 1693 1216 1754 major
1232 1691 1302 1754 (5)
1320 1704 1446 1748 erat,
1467 1709 1550 1738 vlu
1573 1692 1795 1758 idusjun.

383 1773 509 1819 diem
530 1768 667 1816 obiit.
692 1769 958 1831 Imperator
977 1784 1090 1813 vero
1111 1767 1396 1832 Aquisgrani
1416 1768 1571 1815 adhuc
1589 1787 1728 1834 agens
1752 1782 1798 1818 et
1824 1821 1826 1823 ,

382 1860 549 1897 contra
590 1845 911 1893 Godofridum
949 1862 1109 1911 regem
1147 1844 1499 1908 expeditionem
1537 1848 1790 1904 meditans,

382 1927 609 1974 nuntium
625 1923 822 1987 accepit,
842 1922 1034 1968 classem
1050 1925 1363 1968 ducentarum
1376 1924 1567 1969 navium
1583 1924 1639 1971 de
1653 1925 1693 1970 N
1699 1936 1796 1972 ort-

382 2005 573 2051 mannia
609 2002 806 2049 Frisiam
843 2000 1102 2064 appulisse,
1145 2010 1361 2065 totasque
1395 2001 1602 2048 Frisiaco
1638 2002 1789 2050 littori

379 2083 640 2146 adjacentes
680 2078 851 2124 insulas
898 2094 992 2124 esse
1032 2087 1255 2133 vastatas,
1298 2080 1491 2142 jamque
1532 2080 1792 2126 exercitum

382 2159 517 2205 illum
548 2157 594 2202 in
629 2154 899 2201 continenti
932 2171 1056 2210 esse,
1091 2163 1318 2218 ternaque
1352 2155 1513 2218 praelia
1542 2173 1651 2201 cum
1682 2157 1791 2201 Fri-

382 2232 594 2281 sionibus
641 2230 927 2278 commisisse
945 2265 957 2286 ‚
1008 2231 1259 2294 Danosque
1301 2231 1503 2278 victores
1551 2231 1787 2279 tributum

382 2311 515 2357 victis
544 2308 843 2372 imposuisse,
870 2316 916 2353 et
941 2307 1180 2371 vectigalis
1207 2307 1402 2354 nomine
1429 2319 1620 2354 centum
1647 2308 1789 2355 libras

426 2534 473 2576 (ι)
500 2530 570 2565 Ali.
598 2528 822 2575 qu‘alag·1'ae,
847 2526 1042 2572 C'egftzltzc‘ae,
1069 2524 1312 2569 Ceplzalem'oei

425 2594 473 2635 (ν.)
500 2591 550 2623 De
567 2589 672 2622 variis
692 2588 802 2632 hujus
820 2585 978 2619 nominis
996 2583 1214 2617 lectionibus
1228 2583 1298 2617 vid.
1318 2594 1425 2628 supra
1446 2595 1479 2627 p.
1497 2590 1502 2611 ι’
1520 2594 1553 2613 0.

438 2649 471 2690 3)
497 2647 587 2681 (lod.
611 2647 752 2681 Trevir.
772 2651 861 2679 natu
879 2645 996 2676 minor
1015 2648 1103 2675 erat.
