1924 3183
416 172 494 209 ‘232
999 166 1244 204 KAROLUS.

413 258 551 313 dens,
582 256 645 302 ibi
673 266 719 302 et
741 255 953 301 Natalem
971 255 1164 301 Domini
1189 263 1236 300 et
1255 251 1425 299 Pascha
1446 269 1579 299 more
1598 253 1738 300 solito
1758 256 1828 318 (ι)

414 334 685 382 celebravit.
1568 332 1571 335 ’

982 532 1294 580 DCCXCVII.

479 634 743 679 Barcinona
772 633 933 678 civitas
960 633 1005 677 in
1036 631 1186 677 limite
1209 631 1465 694 Hispanico
1491 631 1604 687 sita,
1631 647 1740 695 quae
1762 630 1834 676 al·-

415 720 634 757 ternante
657 726 819 755 rerum
843 718 1015 756 eventu
1040 725 1170 755 nunc
1188 709 1484 755 Francorum
1514 725 1644 754 nunc
1669 708 1833 753 Sarra-

414 804 642 835 cenorum
668 786 840 832 ditioni
873 785 1196 832 subiciebatur
1218 787 1285 849 (2)
1300 823 1312 844 ,
1345 785 1536 833 tandem
1559 803 1644 850 per
1665 787 1833 832 Zatum

414 866 727 912 Sarracenum
743 901 755 922 ,
778 865 860 930 qui
882 875 998 910 tunc
1017 882 1119 911 eam
1144 865 1377 912 invaserat
1392 902 1404 921 ,
1424 866 1522 930 regi
1542 864 1724 911 reddita
1745 875 1830 911 est.

414 943 537 990 Nam
564 944 599 989 is
629 942 803 989 aestatis
830 942 971 988 initio
995 941 1288 1007 Aquasgrani
1315 942 1371 988 ad
1394 960 1552 1007 regem
1575 942 1707 989 venit
1724 977 1736 998 ,
1764 958 1836 989 se·-

412 1040 505 1087 que
530 1039 636 1067 cum
660 1031 918 1067 memorata
943 1020 1131 1066 civitate
1156 1031 1413 1084 spontanea
1438 1020 1680 1068 deditione
1712 1019 1836 1064 illius

412 1099 633 1163 potestati
660 1098 876 1162 permisit
901 1097 990 1160 (3).
1024 1097 1126 1158 Qua
1151 1108 1364 1161 recepta,
1396 1115 1478 1145 rex
1511 1097 1664 1144 fllium
1699 1115 1837 1142 suum

412 1176 750 1222 Hludowicum
787 1173 843 1221 ad
880 1174 1182 1221 obsidionem
1219 1175 1349 1221 Oscae
1389 1192 1497 1220 cum
1538 1176 1749 1222 exercitu
1788 1175 1835 1220 in

412 1253 685 1317 Hispaniam
719 1252 876 1309 misit,
913 1262 961 1298 et
992 1253 1090 1316 ipse
1124 1269 1258 1298 more
1290 1252 1456 1308 solito,
1496 1262 1693 1316 propter
1725 1269 1838 1299 con-

412 1330 707 1377 tundendam
741 1331 811 1393 (4)
845 1328 1041 1394 perfidae
1076 1330 1231 1394 gentis
1267 1330 1646 1387 contumaciam,
1688 1331 1837 1377 Saxo-

411 1408 540 1453 niam
576 1417 843 1453 vastaturus
881 1408 1096 1453 intravit.
1141 1408 1239 1454 Nec
1280 1408 1411 1472 prius
1451 1408 1654 1465 destitit,
1694 1426 1838 1473 quam

411 1503 577 1533 omnes
606 1485 837 1532 terminos
864 1486 960 1548 ejus
985 1495 1292 1550 peragrasset.
1323 1486 1446 1531 Nam
1471 1503 1619 1551 usque
1645 1486 1702 1532 ad
1727 1485 1838 1531 ulti„

412 1581 515 1610 mos
548 1562 664 1610 fines
698 1565 821 1626 ejus,
848 1580 939 1627 qua
966 1563 1093 1609 inter
1117 1561 1279 1609 Albim
1303 1573 1350 1610 et
1377 1564 1623 1609 Wisuram
1649 1563 1838 1610 Oceano

411 1642 634 1698 alluitur,
680 1641 888 1688 accessit.
930 1641 1046 1687 lude
1086 1659 1323 1705 regressus
1341 1677 1353 1697 ‚
1397 1658 1506 1686 cum
1544 1640 1836 1706 Aquasgrani

412 1719 616 1766 venisset
633 1755 647 1775 ,
685 1717 845 1783 ibique
868 1717 1117 1765 Abdellam
1141 1720 1453 1766 Sarracenum
1469 1755 1484 1778 ,
1519 1719 1670 1765 filium
1702 1718 1837 1765 Ibin—

413 1798 583 1861 Mauge
615 1797 685 1859 (5)
717 1797 864 1859 regis,
895 1797 952 1843 de
981 1797 1264 1843 Mauritania
1296 1796 1352 1842 ad
1377 1815 1423 1843 se
1446 1797 1717 1843 venientem
1742 1815 1838 1842 sus-

414 1876 635 1938 cepisset,
658 1875 959 1940 legatumque
980 1875 1162 1922 Nicetae
1178 1876 1365 1939 patricii
1388 1875 1470 1939 qui
1493 1885 1609 1920 tunc
1630 1875 1837 1921 Siciliam

413 1952 724 2016 procurabat,
748 1953 944 1999 nomine
961 1952 1317 2009 Tlieoctistum,
1341 1953 1522 1999 litteras
1540 1954 1837 2017 imperatoris

412 2030 470 2077 de
504 2030 925 2094 Constantinopoli
958 2031 1118 2076 missas
1148 2029 1440 2077 deferentem
1465 2029 1693 2086 audisset,
1723 2048 1836 2077 con-

413 2107 572 2153 silium
600 2107 731 2162 iniit,
758 2117 811 2152 ut
835 2118 1035 2171 propter
1055 2107 1408 2154 conficiendum
1434 2108 1720 2154 Saxonicum
1742 2106 1837 2154 bel-

462 2335 513 2376 (1)
539 2331 603 2365 Hae
619 2330 698 2364 ‹luae
715 2342 819 2364 voces
835 2344 882 2363 m.
908 2344 938 2364 s.
958 2330 1091 2363 desunt
1105 2329 1202 2375 apud
1224 2329 1342 2362 Nuen.
1365 2340 1458 2362 corn.
1482 2334 1518 2361 et
1540 2327 1584 2361 D.
1602 2327 1716 2374 Bouq.
1743 2335 1779 2362 et
1798 2328 1836 2362 in

415 2391 495 2426 cod.
519 2391 662 2425 Trevir.

461 2453 511 2497 (a)
537 2450 628 2486 Cod.
647 2449 861 2485 Vindobon.
881 2448 950 2491 654
971 2466 975 2483 :
1001 2449 1225 2488 subiciebat;
1249 2448 1329 2483 cod.
1353 2447 1446 2493 Reg.
1472 2447 1584 2480 Paris.
1605 2445 1695 2493 5924
1719 2462 1723 2479 ς
1748 2446 1834 2480 ,ςιιΙιψ

413 2511 572 2556 jacebat.

463 2568 512 2613 (3)
537 2569 582 2602 D.
606 2569 720 2614 Bouq.
737 2580 819 2601 cum
842 2567 1004 2602 Nuenar.
1022 2568 1155 2601 comite
1175 2584 1179 2600 :
1203 2568 1382 2601 subnzz‘sit.

464 2631 512 2671 (ii)
540 2628 654 2661 lidcm
674 2643 679 2659 τ
703 2627 754 2661 ml
772 2627 1085 2661 contundendam.
1108 2627 1165 2660 Sic
1185 2635 1220 2661 ct
1240 2627 1331 2661 infra
1347 2626 1398 2659 (td
1416 2638 1479 2670 pro
1496 2630 1655 2669 pr'trstlct.

470 2687 512 2729 '*3)
545 2687 610 2720 Ml.
636 2688 885 2731 slm'l'wrzrzttge,
906 2687 1147 2731 lln'mmnupe.
