<?xml version="1.0" encoding="UTF-8"?>
<!DOCTYPE html PUBLIC "-//W3C//DTD XHTML 1.0 Transitional//EN"
    "http://www.w3.org/TR/xhtml1/DTD/xhtml1-transitional.dtd">
<html xmlns="http://www.w3.org/1999/xhtml" xml:lang="en" lang="en">
 <head>
  <title>
</title>
<meta http-equiv="Content-Type" content="text/html;charset=utf-8" />
  <meta name='ocr-system' content='tesseract 3.04.00' />
  <meta name='ocr-capabilities' content='ocr_page ocr_carea ocr_par ocr_line ocrx_word'/>
</head>
<body>
  <div class='ocr_page' id='page_1' title='image "./einhardiomniaqua01einhuoft_0492.png"; bbox 0 0 1924 3183; ppageno 0'>
   <div class='ocr_carea' id='block_1_1' title="bbox 304 152 1195 194">
    <p class='ocr_par' dir='ltr' id='par_1_1' title="bbox 304 152 1195 194">
     <span class='ocr_line' id='line_1_1' title="bbox 304 152 1195 194; baseline -0.006 0"><span class='ocrx_word' id='word_1_1' title='bbox 304 158 381 194; x_wconf 69' lang='lat'><strong>5³66</strong></span> <span class='ocrx_word' id='word_1_2' title='bbox 822 152 1195 191; x_wconf 86' lang='lat' dir='ltr'>HLUDOVVICUS.</span> 
     </span>
    </p>
   </div>
   <div class='ocr_carea' id='block_1_2' title="bbox 303 240 1731 1699">
    <p class='ocr_par' dir='ltr' id='par_1_2' title="bbox 303 240 1725 382">
     <span class='ocr_line' id='line_1_2' title="bbox 304 240 1725 302; baseline 0 -14"><span class='ocrx_word' id='word_1_3' title='bbox 304 244 552 288; x_wconf 85' lang='lat' dir='ltr'><strong>Danorum</strong></span> <span class='ocrx_word' id='word_1_4' title='bbox 574 249 852 295; x_wconf 79' lang='lat' dir='ltr'>accesserat,</span> <span class='ocrx_word' id='word_1_5' title='bbox 873 250 919 286; x_wconf 86' lang='lat' dir='ltr'><strong>et</strong></span> <span class='ocrx_word' id='word_1_6' title='bbox 943 249 1102 285; x_wconf 84' lang='lat' dir='ltr'><strong>aestate</strong></span> <span class='ocrx_word' id='word_1_7' title='bbox 1124 240 1366 302; x_wconf 85' lang='lat' dir='ltr'><strong>praeterita</strong></span> <span class='ocrx_word' id='word_1_8' title='bbox 1386 241 1562 287; x_wconf 88' lang='lat' dir='ltr'><strong>multos</strong></span> <span class='ocrx_word' id='word_1_9' title='bbox 1586 258 1642 288; x_wconf 84' lang='lat' dir='ltr'><strong>ex</strong></span> <span class='ocrx_word' id='word_1_10' title='bbox 1660 244 1725 290; x_wconf 90' lang='lat' dir='ltr'><strong>eis</strong></span> 
     </span>
     <span class='ocr_line' id='line_1_3' title="bbox 303 316 1524 382; baseline -0.002 -16"><span class='ocrx_word' id='word_1_11' title='bbox 303 319 358 366; x_wconf 88' lang='lat' dir='ltr'><strong>ad</strong></span> <span class='ocrx_word' id='word_1_12' title='bbox 383 318 526 366; x_wconf 89' lang='lat' dir='ltr'><strong>fidem</strong></span> <span class='ocrx_word' id='word_1_13' title='bbox 547 318 790 364; x_wconf 83' lang='lat' dir='ltr'><strong>venientes</strong></span> <span class='ocrx_word' id='word_1_14' title='bbox 812 316 1154 382; x_wconf 86' lang='lat' dir='ltr'><strong>baptisaverat‚</strong></span> <span class='ocrx_word' id='word_1_15' title='bbox 1181 334 1417 382; x_wconf 82' lang='lat' dir='ltr'><strong>regressus</strong></span> <span class='ocrx_word' id='word_1_16' title='bbox 1439 328 1524 365; x_wconf 87' lang='lat' dir='ltr'><strong>est.</strong></span> 
     </span>
    </p>

    <p class='ocr_par' dir='ltr' id='par_1_3' title="bbox 303 394 1731 1699">
     <span class='ocr_line' id='line_1_4' title="bbox 367 394 1725 459; baseline 0 -17"><span class='ocrx_word' id='word_1_17' title='bbox 367 397 470 442; x_wconf 92' lang='lat' dir='ltr'><strong>Hoc</strong></span> <span class='ocrx_word' id='word_1_18' title='bbox 495 411 623 442; x_wconf 90' lang='lat' dir='ltr'><strong>anno</strong></span> <span class='ocrx_word' id='word_1_19' title='bbox 649 394 864 459; x_wconf 85' lang='lat' dir='ltr'><strong>prodigia</strong></span> <span class='ocrx_word' id='word_1_20' title='bbox 889 394 1108 459; x_wconf 84' lang='lat' dir='ltr'><strong>quaedam</strong></span> <span class='ocrx_word' id='word_1_21' title='bbox 1134 394 1342 441; x_wconf 80' lang='lat' dir='ltr'><strong>extitisse</strong></span> <span class='ocrx_word' id='word_1_22' title='bbox 1373 404 1648 451; x_wconf 87' lang='lat' dir='ltr'><strong>narrantur,</strong></span> <span class='ocrx_word' id='word_1_23' title='bbox 1676 397 1725 443; x_wconf 92' lang='lat' dir='ltr'><strong>in</strong></span> 
     </span>
     <span class='ocr_line' id='line_1_5' title="bbox 303 469 1727 537; baseline 0 -19"><span class='ocrx_word' id='word_1_24' title='bbox 303 471 477 537; x_wconf 83' lang='lat' dir='ltr'><strong>quibus</strong></span> <span class='ocrx_word' id='word_1_25' title='bbox 516 471 754 536; x_wconf 82' lang='lat' dir='ltr'><strong>praecipua</strong></span> <span class='ocrx_word' id='word_1_26' title='bbox 795 470 994 518; x_wconf 87' lang='lat' dir='ltr'><strong>fuerunt</strong></span> <span class='ocrx_word' id='word_1_27' title='bbox 1032 470 1081 516; x_wconf 92' lang='lat' dir='ltr'><strong>in</strong></span> <span class='ocrx_word' id='word_1_28' title='bbox 1117 469 1328 534; x_wconf 86' lang='lat' dir='ltr'><strong>Aquensi</strong></span> <span class='ocrx_word' id='word_1_29' title='bbox 1373 470 1548 534; x_wconf 86' lang='lat' dir='ltr'><strong>palatio</strong></span> <span class='ocrx_word' id='word_1_30' title='bbox 1585 483 1727 519; x_wconf 85' lang='lat' dir='ltr'><strong>terrae</strong></span> 
     </span>
     <span class='ocr_line' id='line_1_6' title="bbox 304 547 1728 611; baseline 0 -17"><span class='ocrx_word' id='word_1_31' title='bbox 304 559 481 602; x_wconf 78' lang='lat' dir='ltr'><strong>motUS‚</strong></span> <span class='ocrx_word' id='word_1_32' title='bbox 505 559 552 595; x_wconf 90' lang='lat' dir='ltr'><strong>et</strong></span> <span class='ocrx_word' id='word_1_33' title='bbox 574 549 620 594; x_wconf 88' lang='lat' dir='ltr'><strong>in</strong></span> <span class='ocrx_word' id='word_1_34' title='bbox 641 548 889 595; x_wconf 85' lang='lat' dir='ltr'><strong>territorio</strong></span> <span class='ocrx_word' id='word_1_35' title='bbox 913 547 1126 595; x_wconf 90' lang='lat' dir='ltr'><strong>Tullensi</strong></span> <span class='ocrx_word' id='word_1_36' title='bbox 1143 549 1281 611; x_wconf 81' lang='lat' dir='ltr'><strong>juxta</strong></span> <span class='ocrx_word' id='word_1_37' title='bbox 1300 548 1462 594; x_wconf 87' lang='lat' dir='ltr'><strong>villam</strong></span> <span class='ocrx_word' id='word_1_38' title='bbox 1480 548 1728 596; x_wconf 88' lang='lat' dir='ltr'><strong>Commer-</strong></span> 
     </span>
     <span class='ocr_line' id='line_1_7' title="bbox 304 624 1725 691; baseline 0.001 -18"><span class='ocrx_word' id='word_1_39' title='bbox 304 629 486 673; x_wconf 85' lang='lat' dir='ltr'><strong>ciacum</strong></span> <span class='ocrx_word' id='word_1_40' title='bbox 509 626 664 691; x_wconf 90' lang='lat' dir='ltr'><strong>puella</strong></span> <span class='ocrx_word' id='word_1_41' title='bbox 687 625 906 691; x_wconf 83' lang='lat' dir='ltr'><strong>quaedam</strong></span> <span class='ocrx_word' id='word_1_42' title='bbox 925 642 1165 673; x_wconf 86' lang='lat' dir='ltr'><strong>annorum</strong></span> <span class='ocrx_word' id='word_1_43' title='bbox 1180 625 1280 672; x_wconf 90' lang='lat' dir='ltr'><strong>fere</strong></span> <span class='ocrx_word' id='word_1_44' title='bbox 1297 642 1363 671; x_wconf 78' lang='grc' dir='ltr'><strong>ΧΠ</strong></span> <span class='ocrx_word' id='word_1_45' title='bbox 1386 624 1444 671; x_wconf 86' lang='lat' dir='ltr'><strong>ab</strong></span> <span class='ocrx_word' id='word_1_46' title='bbox 1464 626 1597 672; x_wconf 88' lang='lat' dir='ltr'><strong>omni</strong></span> <span class='ocrx_word' id='word_1_47' title='bbox 1617 626 1725 674; x_wconf 88' lang='lat' dir='ltr'><strong>cibo</strong></span> 
     </span>
     <span class='ocr_line' id='line_1_8' title="bbox 303 702 1725 769; baseline 0 -19"><span class='ocrx_word' id='word_1_48' title='bbox 303 723 388 769; x_wconf 86' lang='lat' dir='ltr'><strong>per</strong></span> <span class='ocrx_word' id='word_1_49' title='bbox 421 722 451 750; x_wconf 86' lang='lat' dir='ltr'>x</span> <span class='ocrx_word' id='word_1_50' title='bbox 478 720 659 751; x_wconf 87' lang='lat' dir='ltr'><strong>menses</strong></span> <span class='ocrx_word' id='word_1_51' title='bbox 688 702 948 750; x_wconf 80' lang='lat' dir='ltr'><strong>abstinens.</strong></span> <span class='ocrx_word' id='word_1_52' title='bbox 989 704 1053 749; x_wconf 81' lang='lat' dir='ltr'><strong>Et</strong></span> <span class='ocrx_word' id='word_1_53' title='bbox 1088 703 1137 749; x_wconf 92' lang='lat' dir='ltr'><strong>in</strong></span> <span class='ocrx_word' id='word_1_54' title='bbox 1162 703 1393 761; x_wconf 81' lang='lat' dir='ltr'><strong>Saxonia‚</strong></span> <span class='ocrx_word' id='word_1_55' title='bbox 1419 704 1474 749; x_wconf 87' lang='lat' dir='ltr'><strong>in</strong></span> <span class='ocrx_word' id='word_1_56' title='bbox 1500 721 1619 767; x_wconf 86' lang='lat' dir='ltr'><strong>pago</strong></span> <span class='ocrx_word' id='word_1_57' title='bbox 1643 705 1725 769; x_wconf 90' lang='lat' dir='ltr'><strong>qui</strong></span> 
     </span>
     <span class='ocr_line' id='line_1_9' title="bbox 304 781 1728 846; baseline 0 -18"><span class='ocrx_word' id='word_1_58' title='bbox 304 792 504 830; x_wconf 86' lang='lat' dir='ltr'><strong>vocatur</strong></span> <span class='ocrx_word' id='word_1_59' title='bbox 531 781 738 828; x_wconf 85' lang='lat' dir='ltr'><strong>Frihsazi</strong></span> <span class='ocrx_word' id='word_1_60' title='bbox 761 783 856 844; x_wconf 78' lang='grc' dir='ltr'><strong>(ι),</strong></span> <span class='ocrx_word' id='word_1_61' title='bbox 881 797 1002 826; x_wconf 83' lang='lat' dir='ltr'><strong>xxm</strong></span> <span class='ocrx_word' id='word_1_62' title='bbox 1030 781 1156 827; x_wconf 78' lang='lat' dir='ltr'><strong>villae</strong></span> <span class='ocrx_word' id='word_1_63' title='bbox 1182 781 1364 828; x_wconf 87' lang='lat' dir='ltr'><strong>coelesti</strong></span> <span class='ocrx_word' id='word_1_64' title='bbox 1397 782 1506 846; x_wconf 83' lang='lat' dir='ltr'><strong>igne</strong></span> <span class='ocrx_word' id='word_1_65' title='bbox 1529 798 1728 828; x_wconf 89' lang='lat' dir='ltr'><strong>concre-</strong></span> 
     </span>
     <span class='ocr_line' id='line_1_10' title="bbox 308 859 1729 924; baseline -0.002 -17"><span class='ocrx_word' id='word_1_66' title='bbox 308 873 473 917; x_wconf 82' lang='lat' dir='ltr'><strong>matae,</strong></span> <span class='ocrx_word' id='word_1_67' title='bbox 500 870 546 908; x_wconf 88' lang='lat' dir='ltr'><strong>et</strong></span> <span class='ocrx_word' id='word_1_68' title='bbox 578 859 765 924; x_wconf 80' lang='lat' dir='ltr'>fulgura</span> <span class='ocrx_word' id='word_1_69' title='bbox 795 875 964 905; x_wconf 89' lang='lat' dir='ltr'><strong>sereno</strong></span> <span class='ocrx_word' id='word_1_70' title='bbox 993 870 1137 923; x_wconf 87' lang='lat' dir='ltr'><strong>atque</strong></span> <span class='ocrx_word' id='word_1_71' title='bbox 1173 859 1382 905; x_wconf 84' lang='lat' dir='ltr'><strong>interdiu</strong></span> <span class='ocrx_word' id='word_1_72' title='bbox 1410 859 1467 906; x_wconf 85' lang='lat' dir='ltr'><strong>de</strong></span> <span class='ocrx_word' id='word_1_73' title='bbox 1500 859 1624 906; x_wconf 82' lang='lat' dir='ltr'><strong>coelo</strong></span> <span class='ocrx_word' id='word_1_74' title='bbox 1655 876 1729 905; x_wconf 90' lang='lat' dir='ltr'><strong>ca-</strong></span> 
     </span>
     <span class='ocr_line' id='line_1_11' title="bbox 305 935 1730 1001; baseline -0.003 -15"><span class='ocrx_word' id='word_1_75' title='bbox 305 940 482 986; x_wconf 88' lang='lat' dir='ltr'><strong>dentia.</strong></span> <span class='ocrx_word' id='word_1_76' title='bbox 509 939 573 985; x_wconf 88' lang='lat' dir='ltr'><strong>Et</strong></span> <span class='ocrx_word' id='word_1_77' title='bbox 594 939 642 984; x_wconf 90' lang='lat' dir='ltr'><strong>in</strong></span> <span class='ocrx_word' id='word_1_78' title='bbox 665 937 831 984; x_wconf 81' lang='lat' dir='ltr'><strong>multis</strong></span> <span class='ocrx_word' id='word_1_79' title='bbox 851 935 1127 1001; x_wconf 81' lang='lat' dir='ltr'><strong>regionibus</strong></span> <span class='ocrx_word' id='word_1_80' title='bbox 1148 936 1305 1001; x_wconf 85' lang='lat' dir='ltr'><strong>fruges</strong></span> <span class='ocrx_word' id='word_1_81' title='bbox 1324 936 1568 1001; x_wconf 81' lang='lat' dir='ltr'><strong>grandinis</strong></span> <span class='ocrx_word' id='word_1_82' title='bbox 1588 946 1730 983; x_wconf 85' lang='lat' dir='ltr'><strong>vasta-</strong></span> 
     </span>
     <span class='ocr_line' id='line_1_12' title="bbox 307 1013 1730 1079; baseline -0.001 -17"><span class='ocrx_word' id='word_1_83' title='bbox 307 1018 438 1064; x_wconf 83' lang='lat' dir='ltr'><strong>tione</strong></span> <span class='ocrx_word' id='word_1_84' title='bbox 470 1014 667 1071; x_wconf 86' lang='lat' dir='ltr'><strong>deletae,</strong></span> <span class='ocrx_word' id='word_1_85' title='bbox 709 1026 850 1079; x_wconf 86' lang='lat' dir='ltr'><strong>atque</strong></span> <span class='ocrx_word' id='word_1_86' title='bbox 890 1015 937 1059; x_wconf 87' lang='lat' dir='ltr'><strong>in</strong></span> <span class='ocrx_word' id='word_1_87' title='bbox 973 1013 1261 1078; x_wconf 84' lang='lat' dir='ltr'><strong>quibusdam</strong></span> <span class='ocrx_word' id='word_1_88' title='bbox 1295 1014 1409 1060; x_wconf 88' lang='lat' dir='ltr'><strong>locis</strong></span> <span class='ocrx_word' id='word_1_89' title='bbox 1445 1014 1585 1060; x_wconf 90' lang='lat' dir='ltr'><strong>simul</strong></span> <span class='ocrx_word' id='word_1_90' title='bbox 1620 1031 1730 1060; x_wconf 91' lang='lat' dir='ltr'><strong>cum</strong></span> 
     </span>
     <span class='ocr_line' id='line_1_13' title="bbox 307 1091 1723 1159; baseline -0.003 -19"><span class='ocrx_word' id='word_1_91' title='bbox 307 1096 401 1158; x_wconf 89' lang='lat' dir='ltr'><strong>ipsa</strong></span> <span class='ocrx_word' id='word_1_92' title='bbox 439 1093 669 1159; x_wconf 80' lang='lat' dir='ltr'><strong>grandine</strong></span> <span class='ocrx_word' id='word_1_93' title='bbox 694 1093 792 1138; x_wconf 89' lang='lat' dir='ltr'><strong>veri</strong></span> <span class='ocrx_word' id='word_1_94' title='bbox 817 1091 993 1155; x_wconf 87' lang='lat' dir='ltr'><strong>lapides</strong></span> <span class='ocrx_word' id='word_1_95' title='bbox 1008 1127 1021 1147; x_wconf 91' lang='lat'><em>‚</em></span> <span class='ocrx_word' id='word_1_96' title='bbox 1058 1102 1204 1155; x_wconf 88' lang='lat' dir='ltr'><strong>atque</strong></span> <span class='ocrx_word' id='word_1_97' title='bbox 1233 1092 1438 1155; x_wconf 85' lang='lat' dir='ltr'><strong>ingentis</strong></span> <span class='ocrx_word' id='word_1_98' title='bbox 1471 1091 1723 1154; x_wconf 85' lang='lat' dir='ltr'><strong>ponderis,</strong></span> 
     </span>
     <span class='ocr_line' id='line_1_14' title="bbox 306 1166 1728 1233; baseline -0.002 -17"><span class='ocrx_word' id='word_1_99' title='bbox 306 1171 522 1218; x_wconf 85' lang='lat' dir='ltr'><strong>decidere</strong></span> <span class='ocrx_word' id='word_1_100' title='bbox 553 1169 667 1225; x_wconf 88' lang='lat' dir='ltr'><strong>visi;</strong></span> <span class='ocrx_word' id='word_1_101' title='bbox 704 1167 874 1215; x_wconf 90' lang='lat' dir='ltr'><strong>domus</strong></span> <span class='ocrx_word' id='word_1_102' title='bbox 905 1184 1098 1233; x_wconf 86' lang='lat' dir='ltr'><strong>quoque</strong></span> <span class='ocrx_word' id='word_1_103' title='bbox 1133 1166 1190 1213; x_wconf 89' lang='lat' dir='ltr'><strong>de</strong></span> <span class='ocrx_word' id='word_1_104' title='bbox 1220 1168 1346 1214; x_wconf 84' lang='lat' dir='ltr'><strong>coelo</strong></span> <span class='ocrx_word' id='word_1_105' title='bbox 1376 1177 1537 1225; x_wconf 80' lang='lat' dir='ltr'><strong>tactae,</strong></span> <span class='ocrx_word' id='word_1_106' title='bbox 1574 1167 1728 1214; x_wconf 90' lang='lat' dir='ltr'><strong>homi-</strong></span> 
     </span>
     <span class='ocr_line' id='line_1_15' title="bbox 307 1245 1731 1313; baseline -0.004 -18"><span class='ocrx_word' id='word_1_107' title='bbox 307 1265 485 1313; x_wconf 87' lang='lat' dir='ltr'><strong>nesque</strong></span> <span class='ocrx_word' id='word_1_108' title='bbox 505 1264 557 1292; x_wconf 89' lang='lat' dir='ltr'><strong>ac</strong></span> <span class='ocrx_word' id='word_1_109' title='bbox 580 1256 749 1293; x_wconf 84' lang='lat' dir='ltr'><strong>caetera</strong></span> <span class='ocrx_word' id='word_1_110' title='bbox 770 1245 990 1291; x_wconf 86' lang='lat' dir='ltr'><strong>animalia</strong></span> <span class='ocrx_word' id='word_1_111' title='bbox 1011 1245 1183 1310; x_wconf 89' lang='lat' dir='ltr'><strong>passim</strong></span> <span class='ocrx_word' id='word_1_112' title='bbox 1204 1245 1464 1290; x_wconf 86' lang='lat' dir='ltr'><strong>fulminum</strong></span> <span class='ocrx_word' id='word_1_113' title='bbox 1483 1246 1582 1290; x_wconf 90' lang='lat' dir='ltr'><strong>ictu</strong></span> <span class='ocrx_word' id='word_1_114' title='bbox 1604 1262 1731 1309; x_wconf 79' lang='lat' dir='ltr'><strong>pree-</strong></span> 
     </span>
     <span class='ocr_line' id='line_1_16' title="bbox 306 1321 1728 1372; baseline -0.003 -1"><span class='ocrx_word' id='word_1_115' title='bbox 306 1336 379 1372; x_wconf 83' lang='lat' dir='ltr'><strong>ter</strong></span> <span class='ocrx_word' id='word_1_116' title='bbox 400 1324 595 1371; x_wconf 86' lang='lat' dir='ltr'><strong>solitum</strong></span> <span class='ocrx_word' id='word_1_117' title='bbox 619 1321 790 1369; x_wconf 88' lang='lat' dir='ltr'><strong>crebro</strong></span> <span class='ocrx_word' id='word_1_118' title='bbox 813 1323 1077 1369; x_wconf 80' lang='lat' dir='ltr'><strong>exanimata</strong></span> <span class='ocrx_word' id='word_1_119' title='bbox 1101 1322 1345 1368; x_wconf 88' lang='lat' dir='ltr'><strong>dicuntur.</strong></span> <span class='ocrx_word' id='word_1_120' title='bbox 1375 1322 1540 1368; x_wconf 91' lang='lat' dir='ltr'><strong>Secuta</strong></span> <span class='ocrx_word' id='word_1_121' title='bbox 1563 1332 1630 1368; x_wconf 88' lang='lat' dir='ltr'><strong>est</strong></span> <span class='ocrx_word' id='word_1_122' title='bbox 1657 1322 1728 1367; x_wconf 92' lang='lat' dir='ltr'><strong>in-</strong></span> 
     </span>
     <span class='ocr_line' id='line_1_17' title="bbox 306 1398 1730 1467; baseline -0.003 -19"><span class='ocrx_word' id='word_1_123' title='bbox 306 1419 420 1467; x_wconf 85' lang='lat' dir='ltr'><strong>gens</strong></span> <span class='ocrx_word' id='word_1_124' title='bbox 445 1400 740 1466; x_wconf 80' lang='lat' dir='ltr'><strong>pestilentia,</strong></span> <span class='ocrx_word' id='word_1_125' title='bbox 764 1410 908 1464; x_wconf 86' lang='lat' dir='ltr'><strong>atque</strong></span> <span class='ocrx_word' id='word_1_126' title='bbox 931 1399 1185 1446; x_wconf 89' lang='lat' dir='ltr'><strong>hominum</strong></span> <span class='ocrx_word' id='word_1_127' title='bbox 1204 1398 1490 1456; x_wconf 81' lang='lat' dir='ltr'><strong>mortalitas,</strong></span> <span class='ocrx_word' id='word_1_128' title='bbox 1513 1415 1621 1464; x_wconf 80' lang='lat' dir='ltr'><strong>quae</strong></span> <span class='ocrx_word' id='word_1_129' title='bbox 1644 1415 1730 1462; x_wconf 87' lang='lat' dir='ltr'><strong>per</strong></span> 
     </span>
     <span class='ocr_line' id='line_1_18' title="bbox 307 1478 1726 1542; baseline -0.003 -16"><span class='ocrx_word' id='word_1_130' title='bbox 307 1490 459 1526; x_wconf 86' lang='lat' dir='ltr'><strong>totam</strong></span> <span class='ocrx_word' id='word_1_131' title='bbox 478 1480 728 1524; x_wconf 86' lang='lat' dir='ltr'><strong>Franciam</strong></span> <span class='ocrx_word' id='word_1_132' title='bbox 750 1478 1024 1525; x_wconf 81' lang='lat' dir='ltr'><strong>immaniter</strong></span> <span class='ocrx_word' id='word_1_133' title='bbox 1046 1495 1385 1542; x_wconf 86' lang='lat' dir='ltr'><strong>usquequaque</strong></span> <span class='ocrx_word' id='word_1_134' title='bbox 1407 1488 1608 1541; x_wconf 79' lang='lat' dir='ltr'><strong>grassata</strong></span> <span class='ocrx_word' id='word_1_135' title='bbox 1633 1487 1726 1533; x_wconf 85' lang='lat' dir='ltr'><strong>est,</strong></span> 
     </span>
     <span class='ocr_line' id='line_1_19' title="bbox 308 1554 1730 1604; baseline -0.004 -1"><span class='ocrx_word' id='word_1_136' title='bbox 308 1568 356 1603; x_wconf 90' lang='lat' dir='ltr'><strong>et</strong></span> <span class='ocrx_word' id='word_1_137' title='bbox 391 1557 692 1604; x_wconf 88' lang='lat' dir='ltr'><strong>innumeram</strong></span> <span class='ocrx_word' id='word_1_138' title='bbox 715 1554 968 1602; x_wconf 85' lang='lat' dir='ltr'><strong>hominum</strong></span> <span class='ocrx_word' id='word_1_139' title='bbox 999 1554 1359 1602; x_wconf 84' lang='lat' dir='ltr'><strong>multitudinem</strong></span> <span class='ocrx_word' id='word_1_140' title='bbox 1390 1555 1561 1601; x_wconf 87' lang='lat' dir='ltr'><strong>diversi</strong></span> <span class='ocrx_word' id='word_1_141' title='bbox 1595 1570 1730 1601; x_wconf 89' lang='lat' dir='ltr'><strong>sexus</strong></span> 
     </span>
     <span class='ocr_line' id='line_1_20' title="bbox 310 1633 1427 1699; baseline -0.003 -18"><span class='ocrx_word' id='word_1_142' title='bbox 310 1646 357 1681; x_wconf 85' lang='lat' dir='ltr'><strong>et</strong></span> <span class='ocrx_word' id='word_1_143' title='bbox 378 1635 529 1681; x_wconf 81' lang='lat' dir='ltr'><strong>aetatis</strong></span> <span class='ocrx_word' id='word_1_144' title='bbox 552 1634 826 1699; x_wconf 83' lang='lat' dir='ltr'><strong>gravissime</strong></span> <span class='ocrx_word' id='word_1_145' title='bbox 849 1633 1089 1680; x_wconf 83' lang='lat' dir='ltr'><strong>saeviendo</strong></span> <span class='ocrx_word' id='word_1_146' title='bbox 1115 1634 1427 1696; x_wconf 85' lang='lat' dir='ltr'><strong>consumpsit.</strong></span> 
     </span>
    </p>
   </div>
   <div class='ocr_carea' id='block_1_3' title="bbox 842 1776 1186 1824">
    <p class='ocr_par' dir='ltr' id='par_1_4' title="bbox 842 1776 1186 1824">
     <span class='ocr_line' id='line_1_21' title="bbox 842 1776 1186 1824; baseline 0 -3"><span class='ocrx_word' id='word_1_147' title='bbox 842 1776 1186 1824; x_wconf 84' lang='lat' dir='ltr'>DCCCXXIV.</span> 
     </span>
    </p>
   </div>
   <div class='ocr_carea' id='block_1_4' title="bbox 308 1883 1731 2337">
    <p class='ocr_par' dir='ltr' id='par_1_5' title="bbox 308 1883 1731 2337">
     <span class='ocr_line' id='line_1_22' title="bbox 373 1883 1731 1951; baseline -0.004 -19"><span class='ocrx_word' id='word_1_148' title='bbox 373 1888 472 1933; x_wconf 83' lang='lat' dir='ltr'><strong>Rex</strong></span> <span class='ocrx_word' id='word_1_149' title='bbox 492 1886 811 1951; x_wconf 83' lang='lat' dir='ltr'><strong>Bulgarorum</strong></span> <span class='ocrx_word' id='word_1_150' title='bbox 831 1885 1062 1949; x_wconf 80' lang='lat' dir='ltr'><strong>Omortag</strong></span> <span class='ocrx_word' id='word_1_151' title='bbox 1081 1885 1212 1931; x_wconf 88' lang='lat' dir='ltr'><strong>velut</strong></span> <span class='ocrx_word' id='word_1_152' title='bbox 1230 1884 1354 1947; x_wconf 87' lang='lat' dir='ltr'><strong>pacis</strong></span> <span class='ocrx_word' id='word_1_153' title='bbox 1376 1883 1604 1930; x_wconf 83' lang='lat' dir='ltr'><strong>faciendae</strong></span> <span class='ocrx_word' id='word_1_154' title='bbox 1624 1899 1731 1947; x_wconf 85' lang='lat' dir='ltr'><strong>gra-</strong></span> 
     </span>
     <span class='ocr_line' id='line_1_23' title="bbox 311 1958 1731 2027; baseline -0.004 -18"><span class='ocrx_word' id='word_1_155' title='bbox 311 1964 372 2009; x_wconf 86' lang='lat' dir='ltr'><strong>tia</strong></span> <span class='ocrx_word' id='word_1_156' title='bbox 393 1964 569 2027; x_wconf 86' lang='lat' dir='ltr'><strong>legatos</strong></span> <span class='ocrx_word' id='word_1_157' title='bbox 588 1963 645 2009; x_wconf 89' lang='lat' dir='ltr'><strong>ad</strong></span> <span class='ocrx_word' id='word_1_158' title='bbox 665 1963 1004 2026; x_wconf 85' lang='lat' dir='ltr'><strong>imperatorem</strong></span> <span class='ocrx_word' id='word_1_159' title='bbox 1024 1979 1131 2007; x_wconf 90' lang='lat' dir='ltr'><strong>cum</strong></span> <span class='ocrx_word' id='word_1_160' title='bbox 1150 1961 1321 2007; x_wconf 89' lang='lat' dir='ltr'><strong>litteris</strong></span> <span class='ocrx_word' id='word_1_161' title='bbox 1340 1960 1495 2016; x_wconf 86' lang='lat' dir='ltr'><strong>misit,</strong></span> <span class='ocrx_word' id='word_1_162' title='bbox 1513 1977 1632 2024; x_wconf 88' lang='lat' dir='ltr'><strong>quos</strong></span> <span class='ocrx_word' id='word_1_163' title='bbox 1652 1958 1731 2004; x_wconf 89' lang='lat' dir='ltr'><strong>ille</strong></span> 
     </span>
     <span class='ocr_line' id='line_1_24' title="bbox 312 2038 1727 2104; baseline -0.003 -17"><span class='ocrx_word' id='word_1_164' title='bbox 312 2059 422 2087; x_wconf 89' lang='lat' dir='ltr'><strong>cum</strong></span> <span class='ocrx_word' id='word_1_165' title='bbox 448 2041 652 2086; x_wconf 82' lang='lat' dir='ltr'><strong>audisset</strong></span> <span class='ocrx_word' id='word_1_166' title='bbox 668 2075 682 2097; x_wconf 86' lang='lat'><strong><em>,</em></strong></span> <span class='ocrx_word' id='word_1_167' title='bbox 709 2058 761 2085; x_wconf 91' lang='lat' dir='ltr'><strong>ac</strong></span> <span class='ocrx_word' id='word_1_168' title='bbox 786 2040 964 2086; x_wconf 84' lang='lat' dir='ltr'><strong>litteras</strong></span> <span class='ocrx_word' id='word_1_169' title='bbox 989 2057 1096 2104; x_wconf 82' lang='lat' dir='ltr'><strong>quae</strong></span> <span class='ocrx_word' id='word_1_170' title='bbox 1120 2038 1272 2085; x_wconf 82' lang='lat' dir='ltr'><strong>allatae</strong></span> <span class='ocrx_word' id='word_1_171' title='bbox 1295 2038 1486 2086; x_wconf 81' lang='lat' dir='ltr'><strong>fuerant</strong></span> <span class='ocrx_word' id='word_1_172' title='bbox 1514 2038 1727 2102; x_wconf 73' lang='lat' dir='ltr'><strong>legisset,</strong></span> 
     </span>
     <span class='ocr_line' id='line_1_25' title="bbox 310 2115 1729 2181; baseline -0.004 -16"><span class='ocrx_word' id='word_1_173' title='bbox 310 2120 377 2166; x_wconf 90' lang='lat' dir='ltr'><strong>rei</strong></span> <span class='ocrx_word' id='word_1_174' title='bbox 414 2119 627 2166; x_wconf 85' lang='lat' dir='ltr'><strong>novitate</strong></span> <span class='ocrx_word' id='word_1_175' title='bbox 664 2135 762 2164; x_wconf 89' lang='lat' dir='ltr'><strong>non</strong></span> <span class='ocrx_word' id='word_1_176' title='bbox 799 2118 1040 2164; x_wconf 86' lang='lat' dir='ltr'><strong>immerito</strong></span> <span class='ocrx_word' id='word_1_177' title='bbox 1075 2127 1346 2181; x_wconf 81' lang='lat' dir='ltr'><strong>permotus,</strong></span> <span class='ocrx_word' id='word_1_178' title='bbox 1388 2115 1444 2162; x_wconf 90' lang='lat' dir='ltr'><strong>ad</strong></span> <span class='ocrx_word' id='word_1_179' title='bbox 1479 2116 1729 2180; x_wconf 83' lang='lat' dir='ltr'><strong>exploran-</strong></span> 
     </span>
     <span class='ocr_line' id='line_1_26' title="bbox 308 2193 1731 2259; baseline -0.004 -17"><span class='ocrx_word' id='word_1_180' title='bbox 308 2196 417 2242; x_wconf 86' lang='lat' dir='ltr'><strong>dam</strong></span> <span class='ocrx_word' id='word_1_181' title='bbox 440 2195 717 2259; x_wconf 83' lang='lat' dir='ltr'><strong>diligentius</strong></span> <span class='ocrx_word' id='word_1_182' title='bbox 748 2194 955 2241; x_wconf 83' lang='lat' dir='ltr'><strong>insolitae</strong></span> <span class='ocrx_word' id='word_1_183' title='bbox 990 2204 1035 2240; x_wconf 90' lang='lat' dir='ltr'><strong>et</strong></span> <span class='ocrx_word' id='word_1_184' title='bbox 1069 2211 1314 2258; x_wconf 89' lang='lat' dir='ltr'><strong>nunquam</strong></span> <span class='ocrx_word' id='word_1_185' title='bbox 1338 2194 1470 2257; x_wconf 89' lang='lat' dir='ltr'><strong>prius</strong></span> <span class='ocrx_word' id='word_1_186' title='bbox 1503 2193 1551 2238; x_wconf 90' lang='lat' dir='ltr'><strong>in</strong></span> <span class='ocrx_word' id='word_1_187' title='bbox 1575 2193 1731 2238; x_wconf 90' lang='lat' dir='ltr'><strong>Fran-</strong></span> 
     </span>
     <span class='ocr_line' id='line_1_27' title="bbox 310 2270 1728 2337; baseline -0.004 -17"><span class='ocrx_word' id='word_1_188' title='bbox 310 2275 430 2320; x_wconf 82' lang='lat' dir='ltr'><strong>ciam</strong></span> <span class='ocrx_word' id='word_1_189' title='bbox 473 2273 706 2320; x_wconf 87' lang='lat' dir='ltr'><strong>venientis</strong></span> <span class='ocrx_word' id='word_1_190' title='bbox 749 2272 994 2337; x_wconf 78' lang='lat' dir='ltr'><strong>legationis</strong></span> <span class='ocrx_word' id='word_1_191' title='bbox 1041 2290 1252 2329; x_wconf 83' lang='lat' dir='ltr'><strong>causam,</strong></span> <span class='ocrx_word' id='word_1_192' title='bbox 1299 2271 1616 2318; x_wconf 87' lang='lat' dir='ltr'><strong>Machelmum</strong></span> <span class='ocrx_word' id='word_1_193' title='bbox 1656 2270 1728 2332; x_wconf 85' lang='lat'><strong>(2)</strong></span> 
     </span>
    </p>
   </div>
   <div class='ocr_carea' id='block_1_5' title="bbox 309 2350 1730 2416">
    <p class='ocr_par' dir='ltr' id='par_1_6' title="bbox 309 2350 1730 2416">
     <span class='ocr_line' id='line_1_28' title="bbox 309 2350 1730 2416; baseline -0.004 -18"><span class='ocrx_word' id='word_1_194' title='bbox 309 2352 562 2416; x_wconf 83' lang='lat' dir='ltr'><strong>quemdam</strong></span> <span class='ocrx_word' id='word_1_195' title='bbox 592 2350 649 2397; x_wconf 90' lang='lat' dir='ltr'><strong>de</strong></span> <span class='ocrx_word' id='word_1_196' title='bbox 679 2351 890 2415; x_wconf 86' lang='lat' dir='ltr'><strong>Bajoaria</strong></span> <span class='ocrx_word' id='word_1_197' title='bbox 925 2367 1034 2396; x_wconf 90' lang='lat' dir='ltr'><strong>cum</strong></span> <span class='ocrx_word' id='word_1_198' title='bbox 1070 2350 1180 2414; x_wconf 88' lang='lat' dir='ltr'><strong>ipsis</strong></span> <span class='ocrx_word' id='word_1_199' title='bbox 1211 2350 1374 2414; x_wconf 85' lang='lat' dir='ltr'><strong>legatis</strong></span> <span class='ocrx_word' id='word_1_200' title='bbox 1404 2350 1460 2395; x_wconf 91' lang='lat' dir='ltr'><strong>ad</strong></span> <span class='ocrx_word' id='word_1_201' title='bbox 1490 2364 1730 2395; x_wconf 85' lang='lat' dir='ltr'><strong>memora-</strong></span> 
     </span>
    </p>
   </div>
   <div class='ocr_carea' id='block_1_6' title="bbox 315 2551 1719 2713">
    <p class='ocr_par' dir='ltr' id='par_1_7' title="bbox 315 2551 1719 2713">
     <span class='ocr_line' id='line_1_29' title="bbox 358 2551 1719 2596; baseline -0.001 -11"><span class='ocrx_word' id='word_1_202' title='bbox 358 2553 406 2596; x_wconf 83' lang='lat'><strong>(1)</strong></span> <span class='ocrx_word' id='word_1_203' title='bbox 432 2551 502 2585; x_wconf 69' lang='lat' dir='ltr'><strong>All.</strong></span> <span class='ocrx_word' id='word_1_204' title='bbox 532 2551 727 2593; x_wconf 54' lang='lat' dir='ltr'><strong>Fir-ihsan,</strong></span> <span class='ocrx_word' id='word_1_205' title='bbox 755 2551 942 2593; x_wconf 64' lang='grc' dir='ltr'><strong>ΕἰιιΙιςαῑ-ἰ,</strong></span> <span class='ocrx_word' id='word_1_206' title='bbox 973 2551 1169 2594; x_wconf 74' lang='lat' dir='ltr'><strong>Strz&#39;lzsazz&#39;,</strong></span> <span class='ocrx_word' id='word_1_207' title='bbox 1197 2551 1360 2586; x_wconf 76' lang='lat' dir='ltr'><strong>Strisazi.</strong></span> <span class='ocrx_word' id='word_1_208' title='bbox 1386 2551 1563 2586; x_wconf 85' lang='lat' dir='ltr'><strong>Annalist.</strong></span> <span class='ocrx_word' id='word_1_209' title='bbox 1592 2552 1683 2586; x_wconf 87' lang='lat' dir='ltr'><strong>Saxo</strong></span> <span class='ocrx_word' id='word_1_210' title='bbox 1714 2568 1719 2584; x_wconf 71' lang='grc' dir='ltr'>ε</span> 
     </span>
     <span class='ocr_line' id='line_1_30' title="bbox 315 2609 1684 2657; baseline 0 -14"><span class='ocrx_word' id='word_1_211' title='bbox 315 2610 534 2644; x_wconf 69' lang='lat' dir='ltr'><strong>Firz&#39;clzmre.</strong></span> <span class='ocrx_word' id='word_1_212' title='bbox 551 2610 760 2657; x_wconf 79' lang='lat' dir='ltr'><strong>Chronogr.</strong></span> <span class='ocrx_word' id='word_1_213' title='bbox 780 2611 871 2645; x_wconf 86' lang='lat' dir='ltr'><strong>Saxo</strong></span> <span class='ocrx_word' id='word_1_214' title='bbox 893 2626 898 2643; x_wconf 69' lang='grc' dir='ltr'><strong><em>ς</em></strong></span> <span class='ocrx_word' id='word_1_215' title='bbox 923 2610 1116 2644; x_wconf 63' lang='lat' dir='ltr'><strong>Firicsaze.</strong></span> <span class='ocrx_word' id='word_1_216' title='bbox 1137 2610 1277 2644; x_wconf 83' lang='lat' dir='ltr'><strong>Chrou.</strong></span> <span class='ocrx_word' id='word_1_217' title='bbox 1301 2609 1501 2655; x_wconf 83' lang='lat' dir='ltr'><strong>Quedlinb.</strong></span> <span class='ocrx_word' id='word_1_218' title='bbox 1527 2610 1563 2643; x_wconf 89' lang='lat' dir='ltr'><em>V</em></span> <span class='ocrx_word' id='word_1_219' title='bbox 1562 2610 1684 2644; x_wconf 66' lang='lat' dir='ltr'><strong>z&#39;rsedi.</strong></span> 
     </span>
     <span class='ocr_line' id='line_1_31' title="bbox 358 2669 1350 2713; baseline 0 -11"><span class='ocrx_word' id='word_1_220' title='bbox 358 2671 408 2713; x_wconf 45' lang='lat' dir='ltr'><strong>(a)</strong></span> <span class='ocrx_word' id='word_1_221' title='bbox 434 2669 503 2703; x_wconf 80' lang='lat' dir='ltr'><strong>All.</strong></span> <span class='ocrx_word' id='word_1_222' title='bbox 528 2670 780 2712; x_wconf 73' lang='lat' dir='ltr'><strong>Miclzelimmz,</strong></span> <span class='ocrx_word' id='word_1_223' title='bbox 800 2670 1070 2711; x_wconf 55' lang='lat' dir='ltr'><strong>lilaelzelinum,</strong></span> <span class='ocrx_word' id='word_1_224' title='bbox 1088 2669 1350 2704; x_wconf 71' lang='lat' dir='ltr'><strong>Illachalmum.</strong></span> 
     </span>
    </p>
   </div>
  </div>
 </body>
</html>
