<?xml version="1.0" encoding="UTF-8"?>
<!DOCTYPE html PUBLIC "-//W3C//DTD XHTML 1.0 Transitional//EN"
    "http://www.w3.org/TR/xhtml1/DTD/xhtml1-transitional.dtd">
<html xmlns="http://www.w3.org/1999/xhtml" xml:lang="en" lang="en">
 <head>
  <title>
</title>
<meta http-equiv="Content-Type" content="text/html;charset=utf-8" />
  <meta name='ocr-system' content='tesseract 3.04.00' />
  <meta name='ocr-capabilities' content='ocr_page ocr_carea ocr_par ocr_line ocrx_word'/>
</head>
<body>
  <div class='ocr_page' id='page_1' title='image "./einhardiomniaqua01einhuoft_0109.png"; bbox 0 0 2043 3193; ppageno 0'>
   <div class='ocr_carea' id='block_1_1' title="bbox 190 271 1420 340">
    <p class='ocr_par' dir='ltr' id='par_1_1' title="bbox 190 271 1420 340">
     <span class='ocr_line' id='line_1_1' title="bbox 190 271 1420 340; baseline -0.001 -1"><span class='ocrx_word' id='word_1_1' title='bbox 190 271 721 340; x_wconf 85' lang='lat' dir='ltr'><strong>TESTIMONIA</strong></span> <span class='ocrx_word' id='word_1_2' title='bbox 787 273 898 338; x_wconf 91' lang='lat' dir='ltr'>DE</span> <span class='ocrx_word' id='word_1_3' title='bbox 967 272 1420 338; x_wconf 89' lang='lat' dir='ltr'><strong>EINHARDO</strong></span> 
     </span>
    </p>
   </div>
   <div class='ocr_carea' id='block_1_2' title="bbox 526 460 1088 492">
    <p class='ocr_par' dir='ltr' id='par_1_2' title="bbox 526 460 1088 492">
     <span class='ocr_line' id='line_1_2' title="bbox 526 460 1088 492; baseline -0.002 0"><span class='ocrx_word' id='word_1_4' title='bbox 526 463 551 492; x_wconf 76' lang='lat' dir='ltr'>B</span> <span class='ocrx_word' id='word_1_5' title='bbox 583 461 747 491; x_wconf 76' lang='lat' dir='ltr'><strong>COAEVIS</strong></span> <span class='ocrx_word' id='word_1_6' title='bbox 781 460 1088 492; x_wconf 79' lang='lat' dir='ltr'>SCRIPTORIBUS</span> 
     </span>
    </p>
   </div>
   <div class='ocr_carea' id='block_1_3' title="bbox 243 610 1365 665">
    <p class='ocr_par' dir='ltr' id='par_1_3' title="bbox 243 610 1365 665">
     <span class='ocr_line' id='line_1_3' title="bbox 243 610 1365 665; baseline -0.001 -9"><span class='ocrx_word' id='word_1_7' title='bbox 243 611 316 656; x_wconf 91' lang='lat' dir='ltr'>ET</span> <span class='ocrx_word' id='word_1_8' title='bbox 350 610 614 665; x_wconf 74' lang='lat' dir='ltr'><strong>ANTIQUIS</strong></span> <span class='ocrx_word' id='word_1_9' title='bbox 647 610 1015 657; x_wconf 86' lang='lat' dir='ltr'><strong>DOCUMENTIS</strong></span> <span class='ocrx_word' id='word_1_10' title='bbox 1040 611 1365 656; x_wconf 86' lang='lat' dir='ltr'><strong>EXCERPTA.</strong></span> 
     </span>
    </p>
   </div>
   <div class='ocr_carea' id='block_1_4' title="bbox 215 933 1388 967">
    <p class='ocr_par' dir='ltr' id='par_1_4' title="bbox 215 933 1388 967">
     <span class='ocr_line' id='line_1_4' title="bbox 215 933 1388 967; baseline -0.001 0"><span class='ocrx_word' id='word_1_11' title='bbox 215 935 240 967; x_wconf 91' lang='grc' dir='ltr'>Ι.</span> <span class='ocrx_word' id='word_1_12' title='bbox 265 934 328 967; x_wconf 90' lang='lat' dir='ltr'>EX</span> <span class='ocrx_word' id='word_1_13' title='bbox 353 933 637 967; x_wconf 83' lang='lat' dir='ltr'><strong>DIPLOMATE</strong></span> <span class='ocrx_word' id='word_1_14' title='bbox 660 933 955 967; x_wconf 86' lang='lat' dir='ltr'>HLUDOVVICI</span> <span class='ocrx_word' id='word_1_15' title='bbox 980 934 1040 967; x_wconf 88' lang='lat' dir='ltr'>PII</span> <span class='ocrx_word' id='word_1_16' title='bbox 1064 933 1388 967; x_wconf 78' lang='lat' dir='ltr'>IMPERATORlS</span> 
     </span>
    </p>
   </div>
   <div class='ocr_carea' id='block_1_5' title="bbox 102 1010 1514 1054">
    <p class='ocr_par' dir='ltr' id='par_1_5' title="bbox 102 1010 1514 1054">
     <span class='ocr_line' id='line_1_5' title="bbox 102 1010 1514 1054; baseline 0 -12"><span class='ocrx_word' id='word_1_17' title='bbox 102 1023 168 1054; x_wconf 73' lang='lat' dir='ltr'>quo</span> <span class='ocrx_word' id='word_1_18' title='bbox 192 1010 422 1043; x_wconf 83' lang='lat' dir='ltr'>immunitatis</span> <span class='ocrx_word' id='word_1_19' title='bbox 439 1010 622 1053; x_wconf 76' lang='lat' dir='ltr'>privilegia</span> <span class='ocrx_word' id='word_1_20' title='bbox 635 1037 642 1051; x_wconf 84' lang='lat'>‚</span> <span class='ocrx_word' id='word_1_21' title='bbox 670 1022 688 1042; x_wconf 86' lang='lat' dir='ltr'>a</span> <span class='ocrx_word' id='word_1_22' title='bbox 707 1017 804 1053; x_wconf 88' lang='lat' dir='ltr'>patre</span> <span class='ocrx_word' id='word_1_23' title='bbox 821 1022 881 1042; x_wconf 91' lang='lat' dir='ltr'>suo</span> <span class='ocrx_word' id='word_1_24' title='bbox 901 1010 1031 1042; x_wconf 83' lang='lat' dir='ltr'>Karolo</span> <span class='ocrx_word' id='word_1_25' title='bbox 1050 1010 1285 1042; x_wconf 87' lang='lat' dir='ltr'>Blandiniensi</span> <span class='ocrx_word' id='word_1_26' title='bbox 1308 1011 1514 1042; x_wconf 83' lang='lat' dir='ltr'>monasterio</span> 
     </span>
    </p>
   </div>
   <div class='ocr_carea' id='block_1_6' title="bbox 142 1060 1511 1155">
    <p class='ocr_par' dir='ltr' id='par_1_6' title="bbox 142 1060 1511 1155">
     <span class='ocr_line' id='line_1_6' title="bbox 142 1060 1511 1105; baseline 0.001 -13"><span class='ocrx_word' id='word_1_27' title='bbox 142 1074 247 1105; x_wconf 75' lang='lat' dir='ltr'>prope</span> <span class='ocrx_word' id='word_1_28' title='bbox 273 1060 481 1095; x_wconf 82' lang='lat' dir='ltr'>Gandavum</span> <span class='ocrx_word' id='word_1_29' title='bbox 501 1074 675 1101; x_wconf 83' lang='lat' dir='ltr'>concessa,</span> <span class='ocrx_word' id='word_1_30' title='bbox 695 1068 831 1104; x_wconf 83' lang='lat' dir='ltr'>petente</span> <span class='ocrx_word' id='word_1_31' title='bbox 854 1062 1037 1095; x_wconf 81' lang='lat' dir='ltr'>Ainhardo</span> <span class='ocrx_word' id='word_1_32' title='bbox 1054 1062 1179 1094; x_wconf 80' lang='lat' dir='ltr'>abbate</span> <span class='ocrx_word' id='word_1_33' title='bbox 1193 1088 1200 1098; x_wconf 84' lang='lat'><strong>‚</strong></span> <span class='ocrx_word' id='word_1_34' title='bbox 1219 1074 1237 1094; x_wconf 84' lang='lat' dir='ltr'>a</span> <span class='ocrx_word' id='word_1_35' title='bbox 1255 1074 1288 1094; x_wconf 90' lang='lat' dir='ltr'>se</span> <span class='ocrx_word' id='word_1_36' title='bbox 1308 1062 1511 1094; x_wconf 77' lang='lat' dir='ltr'>confirmata</span> 
     </span>
     <span class='ocr_line' id='line_1_7' title="bbox 144 1113 371 1155; baseline -0.009 -10"><span class='ocrx_word' id='word_1_37' title='bbox 144 1113 299 1145; x_wconf 73' lang='lat' dir='ltr'>declarat</span> <span class='ocrx_word' id='word_1_38' title='bbox 315 1115 371 1155; x_wconf 79' lang='grc' dir='ltr'>(ι).</span> 
     </span>
    </p>
   </div>
   <div class='ocr_carea' id='block_1_7' title="bbox 607 1175 1010 1217">
    <p class='ocr_par' dir='ltr' id='par_1_7' title="bbox 607 1175 1010 1217">
     <span class='ocr_line' id='line_1_8' title="bbox 607 1175 1010 1217; baseline 0 -11"><span class='ocrx_word' id='word_1_39' title='bbox 607 1176 722 1217; x_wconf 81' lang='lat' dir='ltr'>(Anu.</span> <span class='ocrx_word' id='word_1_40' title='bbox 739 1175 819 1210; x_wconf 84' lang='lat'><strong>815.</strong></span> <span class='ocrx_word' id='word_1_41' title='bbox 838 1175 935 1206; x_wconf 87' lang='lat' dir='ltr'>Junii</span> <span class='ocrx_word' id='word_1_42' title='bbox 955 1175 1010 1216; x_wconf 67' lang='grc' dir='ltr'>α.)</span> 
     </span>
    </p>
   </div>
   <div class='ocr_carea' id='block_1_8' title="bbox 101 1268 1524 2591">
    <p class='ocr_par' dir='ltr' id='par_1_8' title="bbox 101 1268 1524 2462">
     <span class='ocr_line' id='line_1_9' title="bbox 156 1268 1517 1320; baseline -0.002 -14"><span class='ocrx_word' id='word_1_43' title='bbox 156 1268 200 1306; x_wconf 89' lang='lat' dir='ltr'>In</span> <span class='ocrx_word' id='word_1_44' title='bbox 223 1269 376 1305; x_wconf 90' lang='lat' dir='ltr'>nomine</span> <span class='ocrx_word' id='word_1_45' title='bbox 399 1268 519 1305; x_wconf 86' lang='lat' dir='ltr'>Patris</span> <span class='ocrx_word' id='word_1_46' title='bbox 541 1277 576 1306; x_wconf 79' lang='lat' dir='ltr'>et</span> <span class='ocrx_word' id='word_1_47' title='bbox 598 1269 685 1306; x_wconf 85' lang='lat' dir='ltr'>Filii</span> <span class='ocrx_word' id='word_1_48' title='bbox 706 1278 743 1306; x_wconf 84' lang='lat' dir='ltr'>et</span> <span class='ocrx_word' id='word_1_49' title='bbox 764 1269 928 1320; x_wconf 83' lang='lat' dir='ltr'>Spiritus</span> <span class='ocrx_word' id='word_1_50' title='bbox 947 1268 1099 1315; x_wconf 82' lang='lat' dir='ltr'>Sancti,</span> <span class='ocrx_word' id='word_1_51' title='bbox 1117 1268 1367 1306; x_wconf 82' lang='lat' dir='ltr'>Hludowicus</span> <span class='ocrx_word' id='word_1_52' title='bbox 1387 1268 1517 1305; x_wconf 83' lang='lat' dir='ltr'>divina</span> 
     </span>
     <span class='ocr_line' id='line_1_10' title="bbox 101 1331 1518 1385; baseline -0.001 -16"><span class='ocrx_word' id='word_1_53' title='bbox 101 1332 339 1383; x_wconf 86' lang='lat' dir='ltr'>providentia</span> <span class='ocrx_word' id='word_1_54' title='bbox 356 1331 568 1383; x_wconf 86' lang='lat' dir='ltr'>Imperator</span> <span class='ocrx_word' id='word_1_55' title='bbox 583 1333 787 1385; x_wconf 88' lang='lat' dir='ltr'>Augustus.</span> <span class='ocrx_word' id='word_1_56' title='bbox 811 1332 847 1370; x_wconf 86' lang='lat' dir='ltr'>Si</span> <span class='ocrx_word' id='word_1_57' title='bbox 864 1347 951 1385; x_wconf 86' lang='lat' dir='ltr'>erga</span> <span class='ocrx_word' id='word_1_58' title='bbox 969 1333 1053 1370; x_wconf 87' lang='lat' dir='ltr'>loca</span> <span class='ocrx_word' id='word_1_59' title='bbox 1070 1332 1208 1370; x_wconf 84' lang='lat' dir='ltr'>divinis</span> <span class='ocrx_word' id='word_1_60' title='bbox 1225 1332 1387 1370; x_wconf 86' lang='lat' dir='ltr'>cultibus</span> <span class='ocrx_word' id='word_1_61' title='bbox 1409 1346 1518 1368; x_wconf 85' lang='lat' dir='ltr'>man-</span> 
     </span>
     <span class='ocr_line' id='line_1_11' title="bbox 101 1396 1516 1447; baseline 0 -15"><span class='ocrx_word' id='word_1_62' title='bbox 101 1396 254 1447; x_wconf 84' lang='lat' dir='ltr'>cipata,</span> <span class='ocrx_word' id='word_1_63' title='bbox 284 1404 437 1447; x_wconf 85' lang='lat' dir='ltr'>propter</span> <span class='ocrx_word' id='word_1_64' title='bbox 468 1410 633 1434; x_wconf 83' lang='lat' dir='ltr'>amorem</span> <span class='ocrx_word' id='word_1_65' title='bbox 668 1396 763 1443; x_wconf 80' lang='lat' dir='ltr'>Dei,</span> <span class='ocrx_word' id='word_1_66' title='bbox 799 1405 923 1435; x_wconf 58' lang='grc' dir='ltr'><strong>οἱα...</strong></span> <span class='ocrx_word' id='word_1_67' title='bbox 961 1396 1124 1433; x_wconf 88' lang='lat' dir='ltr'>Proinde</span> <span class='ocrx_word' id='word_1_68' title='bbox 1164 1397 1312 1434; x_wconf 86' lang='lat' dir='ltr'>noverit</span> <span class='ocrx_word' id='word_1_69' title='bbox 1345 1397 1516 1433; x_wconf 82' lang='lat' dir='ltr'>omnium</span> 
     </span>
     <span class='ocr_line' id='line_1_12' title="bbox 102 1459 1517 1510; baseline -0.001 -14"><span class='ocrx_word' id='word_1_70' title='bbox 102 1459 272 1496; x_wconf 83' lang='lat' dir='ltr'>fidelium</span> <span class='ocrx_word' id='word_1_71' title='bbox 292 1467 523 1505; x_wconf 87' lang='lat' dir='ltr'>nostrorum,</span> <span class='ocrx_word' id='word_1_72' title='bbox 547 1468 622 1496; x_wconf 89' lang='lat' dir='ltr'>tam</span> <span class='ocrx_word' id='word_1_73' title='bbox 654 1459 894 1510; x_wconf 75' lang='lat' dir='ltr'>praesentium</span> <span class='ocrx_word' id='word_1_74' title='bbox 925 1474 1040 1510; x_wconf 86' lang='lat' dir='ltr'>quam</span> <span class='ocrx_word' id='word_1_75' title='bbox 1072 1459 1282 1496; x_wconf 84' lang='lat' dir='ltr'>futurorum</span> <span class='ocrx_word' id='word_1_76' title='bbox 1301 1487 1310 1505; x_wconf 93' lang='lat'>,</span> <span class='ocrx_word' id='word_1_77' title='bbox 1340 1459 1492 1496; x_wconf 78' lang='lat' dir='ltr'>solertia</span> <span class='ocrx_word' id='word_1_78' title='bbox 1508 1487 1517 1505; x_wconf 89' lang='lat'>‚</span> 
     </span>
     <span class='ocr_line' id='line_1_13' title="bbox 101 1521 1515 1574; baseline -0.001 -15"><span class='ocrx_word' id='word_1_79' title='bbox 101 1523 189 1574; x_wconf 84' lang='lat' dir='ltr'>quia</span> <span class='ocrx_word' id='word_1_80' title='bbox 214 1524 272 1560; x_wconf 91' lang='lat' dir='ltr'>vir</span> <span class='ocrx_word' id='word_1_81' title='bbox 296 1523 522 1560; x_wconf 86' lang='lat' dir='ltr'>venerabilis</span> <span class='ocrx_word' id='word_1_82' title='bbox 551 1522 647 1560; x_wconf 83' lang='lat' dir='ltr'>abba</span> <span class='ocrx_word' id='word_1_83' title='bbox 677 1523 920 1569; x_wconf 68' lang='lat' dir='ltr'>Amnmmus,</span> <span class='ocrx_word' id='word_1_84' title='bbox 955 1537 999 1560; x_wconf 85' lang='lat' dir='ltr'>ex</span> <span class='ocrx_word' id='word_1_85' title='bbox 1030 1522 1258 1560; x_wconf 86' lang='lat' dir='ltr'>monasterio</span> <span class='ocrx_word' id='word_1_86' title='bbox 1287 1521 1515 1568; x_wconf 89' lang='lat' dir='ltr'>Blandinio,</span> 
     </span>
     <span class='ocr_line' id='line_1_14' title="bbox 101 1586 1518 1638; baseline -0.001 -14"><span class='ocrx_word' id='word_1_87' title='bbox 101 1586 204 1638; x_wconf 90' lang='lat' dir='ltr'>quod</span> <span class='ocrx_word' id='word_1_88' title='bbox 229 1595 284 1624; x_wconf 91' lang='lat' dir='ltr'>est</span> <span class='ocrx_word' id='word_1_89' title='bbox 312 1587 558 1624; x_wconf 87' lang='lat' dir='ltr'>constitutum</span> <span class='ocrx_word' id='word_1_90' title='bbox 587 1588 623 1623; x_wconf 86' lang='lat' dir='ltr'>in</span> <span class='ocrx_word' id='word_1_91' title='bbox 652 1587 794 1624; x_wconf 86' lang='lat' dir='ltr'>bonore</span> <span class='ocrx_word' id='word_1_92' title='bbox 815 1586 877 1625; x_wconf 88' lang='lat' dir='ltr'>SS.</span> <span class='ocrx_word' id='word_1_93' title='bbox 909 1587 1165 1638; x_wconf 84' lang='lat' dir='ltr'>apostolorum</span> <span class='ocrx_word' id='word_1_94' title='bbox 1192 1587 1290 1624; x_wconf 88' lang='lat' dir='ltr'>Petri</span> <span class='ocrx_word' id='word_1_95' title='bbox 1319 1595 1355 1624; x_wconf 87' lang='lat' dir='ltr'>ct</span> <span class='ocrx_word' id='word_1_96' title='bbox 1387 1586 1518 1632; x_wconf 81' lang='lat' dir='ltr'>Pauli,</span> 
     </span>
     <span class='ocr_line' id='line_1_15' title="bbox 101 1649 1519 1702; baseline -0.001 -15"><span class='ocrx_word' id='word_1_97' title='bbox 101 1650 207 1702; x_wconf 92' lang='lat' dir='ltr'>quod</span> <span class='ocrx_word' id='word_1_98' title='bbox 226 1659 281 1688; x_wconf 90' lang='lat' dir='ltr'>est</span> <span class='ocrx_word' id='word_1_99' title='bbox 300 1651 413 1688; x_wconf 89' lang='lat' dir='ltr'>situm</span> <span class='ocrx_word' id='word_1_100' title='bbox 441 1651 479 1687; x_wconf 90' lang='lat' dir='ltr'>in</span> <span class='ocrx_word' id='word_1_101' title='bbox 503 1665 597 1702; x_wconf 81' lang='lat' dir='ltr'>pago</span> <span class='ocrx_word' id='word_1_102' title='bbox 617 1650 811 1688; x_wconf 85' lang='lat' dir='ltr'>Gandensi</span> <span class='ocrx_word' id='word_1_103' title='bbox 829 1680 838 1694; x_wconf 81' lang='lat'>‚</span> <span class='ocrx_word' id='word_1_104' title='bbox 860 1665 975 1702; x_wconf 86' lang='lat' dir='ltr'>super</span> <span class='ocrx_word' id='word_1_105' title='bbox 996 1650 1154 1687; x_wconf 87' lang='lat' dir='ltr'>ssuvium</span> <span class='ocrx_word' id='word_1_106' title='bbox 1175 1649 1338 1688; x_wconf 82' lang='lat' dir='ltr'>Scaldim</span> <span class='ocrx_word' id='word_1_107' title='bbox 1353 1678 1362 1695; x_wconf 93' lang='lat'>‚</span> <span class='ocrx_word' id='word_1_108' title='bbox 1383 1649 1519 1687; x_wconf 87' lang='lat' dir='ltr'>obtulit</span> 
     </span>
     <span class='ocr_line' id='line_1_16' title="bbox 101 1712 1518 1765; baseline -0.001 -15"><span class='ocrx_word' id='word_1_109' title='bbox 101 1712 294 1751; x_wconf 86' lang='lat' dir='ltr'>obtutibus</span> <span class='ocrx_word' id='word_1_110' title='bbox 328 1714 464 1750; x_wconf 86' lang='lat' dir='ltr'>nostris</span> <span class='ocrx_word' id='word_1_111' title='bbox 490 1714 767 1751; x_wconf 80' lang='lat' dir='ltr'>immunitatem</span> <span class='ocrx_word' id='word_1_112' title='bbox 795 1713 940 1751; x_wconf 85' lang='lat' dir='ltr'>domini</span> <span class='ocrx_word' id='word_1_113' title='bbox 962 1722 998 1751; x_wconf 86' lang='lat' dir='ltr'>et</span> <span class='ocrx_word' id='word_1_114' title='bbox 1023 1714 1203 1765; x_wconf 70' lang='lat' dir='ltr'>genitoris</span> <span class='ocrx_word' id='word_1_115' title='bbox 1228 1713 1346 1751; x_wconf 90' lang='lat' dir='ltr'>nostri</span> <span class='ocrx_word' id='word_1_116' title='bbox 1369 1713 1518 1757; x_wconf 81' lang='lat' dir='ltr'>Karoli,</span> 
     </span>
     <span class='ocr_line' id='line_1_17' title="bbox 102 1776 1522 1830; baseline -0.001 -16"><span class='ocrx_word' id='word_1_117' title='bbox 102 1776 209 1815; x_wconf 85' lang='lat' dir='ltr'>bonae</span> <span class='ocrx_word' id='word_1_118' title='bbox 225 1778 430 1826; x_wconf 77' lang='lat' dir='ltr'>memoriae,</span> <span class='ocrx_word' id='word_1_119' title='bbox 453 1779 611 1829; x_wconf 85' lang='lat' dir='ltr'>piissimi</span> <span class='ocrx_word' id='word_1_120' title='bbox 629 1778 801 1830; x_wconf 80' lang='lat' dir='ltr'>Augusti,</span> <span class='ocrx_word' id='word_1_121' title='bbox 823 1779 860 1814; x_wconf 89' lang='lat' dir='ltr'>in</span> <span class='ocrx_word' id='word_1_122' title='bbox 878 1792 953 1829; x_wconf 84' lang='lat' dir='ltr'>qua</span> <span class='ocrx_word' id='word_1_123' title='bbox 971 1778 1187 1815; x_wconf 82' lang='lat' dir='ltr'>invenimus</span> <span class='ocrx_word' id='word_1_124' title='bbox 1206 1778 1405 1823; x_wconf 85' lang='lat' dir='ltr'>insertum,</span> <span class='ocrx_word' id='word_1_125' title='bbox 1424 1792 1522 1828; x_wconf 85' lang='lat' dir='ltr'>qua-</span> 
     </span>
     <span class='ocr_line' id='line_1_18' title="bbox 102 1839 1522 1894; baseline 0.001 -17"><span class='ocrx_word' id='word_1_126' title='bbox 102 1839 188 1878; x_wconf 90' lang='lat' dir='ltr'>liter</span> <span class='ocrx_word' id='word_1_127' title='bbox 219 1840 319 1878; x_wconf 89' lang='lat' dir='ltr'>idem</span> <span class='ocrx_word' id='word_1_128' title='bbox 349 1841 498 1893; x_wconf 83' lang='lat' dir='ltr'>genitor</span> <span class='ocrx_word' id='word_1_129' title='bbox 522 1849 647 1879; x_wconf 78' lang='lat' dir='ltr'>noster</span> <span class='ocrx_word' id='word_1_130' title='bbox 678 1850 716 1879; x_wconf 85' lang='lat' dir='ltr'>et</span> <span class='ocrx_word' id='word_1_131' title='bbox 742 1850 995 1879; x_wconf 78' lang='lat' dir='ltr'>antecessores</span> <span class='ocrx_word' id='word_1_132' title='bbox 1028 1856 1131 1894; x_wconf 81' lang='lat' dir='ltr'>reges</span> <span class='ocrx_word' id='word_1_133' title='bbox 1160 1841 1354 1893; x_wconf 83' lang='lat' dir='ltr'>praefatum</span> <span class='ocrx_word' id='word_1_134' title='bbox 1386 1856 1522 1879; x_wconf 87' lang='lat' dir='ltr'>mona-</span> 
     </span>
     <span class='ocr_line' id='line_1_19' title="bbox 102 1904 1518 1956; baseline -0.001 -15"><span class='ocrx_word' id='word_1_135' title='bbox 102 1905 282 1951; x_wconf 86' lang='lat' dir='ltr'>sterium,</span> <span class='ocrx_word' id='word_1_136' title='bbox 313 1912 469 1956; x_wconf 86' lang='lat' dir='ltr'>propter</span> <span class='ocrx_word' id='word_1_137' title='bbox 497 1904 670 1942; x_wconf 88' lang='lat' dir='ltr'>divinum</span> <span class='ocrx_word' id='word_1_138' title='bbox 696 1918 862 1942; x_wconf 84' lang='lat' dir='ltr'>amorem</span> <span class='ocrx_word' id='word_1_139' title='bbox 885 1913 921 1942; x_wconf 88' lang='lat' dir='ltr'>et</span> <span class='ocrx_word' id='word_1_140' title='bbox 943 1906 1195 1942; x_wconf 82' lang='lat' dir='ltr'>reverentiam</span> <span class='ocrx_word' id='word_1_141' title='bbox 1217 1904 1339 1941; x_wconf 87' lang='lat' dir='ltr'>divini</span> <span class='ocrx_word' id='word_1_142' title='bbox 1368 1904 1518 1949; x_wconf 88' lang='lat' dir='ltr'>cultus,</span> 
     </span>
     <span class='ocr_line' id='line_1_20' title="bbox 103 1967 1524 2019; baseline -0.001 -14"><span class='ocrx_word' id='word_1_143' title='bbox 103 1982 251 2019; x_wconf 87' lang='lat' dir='ltr'>semper</span> <span class='ocrx_word' id='word_1_144' title='bbox 270 1967 339 2004; x_wconf 87' lang='lat' dir='ltr'>sub</span> <span class='ocrx_word' id='word_1_145' title='bbox 363 1968 581 2019; x_wconf 86' lang='lat' dir='ltr'>plenissima</span> <span class='ocrx_word' id='word_1_146' title='bbox 602 1967 822 2005; x_wconf 82' lang='lat' dir='ltr'>defensione</span> <span class='ocrx_word' id='word_1_147' title='bbox 848 1976 885 2005; x_wconf 89' lang='lat' dir='ltr'>et</span> <span class='ocrx_word' id='word_1_148' title='bbox 909 1968 1159 2005; x_wconf 85' lang='lat' dir='ltr'>immunitatis</span> <span class='ocrx_word' id='word_1_149' title='bbox 1183 1968 1343 2004; x_wconf 87' lang='lat' dir='ltr'>tuitione</span> <span class='ocrx_word' id='word_1_150' title='bbox 1367 1967 1524 2004; x_wconf 80' lang='lat' dir='ltr'>habuis-</span> 
     </span>
     <span class='ocr_line' id='line_1_21' title="bbox 103 2031 1523 2083; baseline -0.002 -15"><span class='ocrx_word' id='word_1_151' title='bbox 103 2039 187 2069; x_wconf 87' lang='lat' dir='ltr'>sent</span> <span class='ocrx_word' id='word_1_152' title='bbox 204 2046 213 2077; x_wconf 94' lang='lat'>;</span> <span class='ocrx_word' id='word_1_153' title='bbox 237 2031 285 2068; x_wconf 90' lang='lat' dir='ltr'>ob</span> <span class='ocrx_word' id='word_1_154' title='bbox 301 2032 518 2069; x_wconf 86' lang='lat' dir='ltr'>firmitatem</span> <span class='ocrx_word' id='word_1_155' title='bbox 533 2040 660 2069; x_wconf 80' lang='lat' dir='ltr'>tamen</span> <span class='ocrx_word' id='word_1_156' title='bbox 678 2032 755 2078; x_wconf 86' lang='lat' dir='ltr'>rei,</span> <span class='ocrx_word' id='word_1_157' title='bbox 779 2031 984 2083; x_wconf 80' lang='lat' dir='ltr'>postulavit</span> <span class='ocrx_word' id='word_1_158' title='bbox 1003 2046 1071 2068; x_wconf 89' lang='lat' dir='ltr'>nos</span> <span class='ocrx_word' id='word_1_159' title='bbox 1089 2031 1288 2083; x_wconf 70' lang='lat' dir='ltr'>praedictus</span> <span class='ocrx_word' id='word_1_160' title='bbox 1306 2033 1523 2069; x_wconf 57' lang='lat' dir='ltr'>Ammianus</span> 
     </span>
     <span class='ocr_line' id='line_1_22' title="bbox 104 2093 1518 2140; baseline -0.001 -9"><span class='ocrx_word' id='word_1_161' title='bbox 104 2094 201 2131; x_wconf 86' lang='lat' dir='ltr'>abba</span> <span class='ocrx_word' id='word_1_162' title='bbox 228 2102 270 2131; x_wconf 88' lang='lat' dir='ltr'>ut</span> <span class='ocrx_word' id='word_1_163' title='bbox 298 2093 458 2131; x_wconf 85' lang='lat' dir='ltr'>eandem</span> <span class='ocrx_word' id='word_1_164' title='bbox 492 2095 774 2140; x_wconf 87' lang='lat' dir='ltr'>auctoritatem,</span> <span class='ocrx_word' id='word_1_165' title='bbox 815 2095 862 2132; x_wconf 90' lang='lat' dir='ltr'>ob</span> <span class='ocrx_word' id='word_1_166' title='bbox 896 2109 1060 2131; x_wconf 86' lang='lat' dir='ltr'>amorem</span> <span class='ocrx_word' id='word_1_167' title='bbox 1097 2095 1166 2132; x_wconf 82' lang='lat' dir='ltr'>Dei</span> <span class='ocrx_word' id='word_1_168' title='bbox 1206 2103 1242 2131; x_wconf 89' lang='lat' dir='ltr'>et</span> <span class='ocrx_word' id='word_1_169' title='bbox 1271 2094 1518 2131; x_wconf 81' lang='lat' dir='ltr'>reverentiam</span> 
     </span>
     <span class='ocr_line' id='line_1_23' title="bbox 103 2155 1520 2209; baseline 0 -15"><span class='ocrx_word' id='word_1_170' title='bbox 103 2156 166 2194; x_wconf 89' lang='lat' dir='ltr'>SS.</span> <span class='ocrx_word' id='word_1_171' title='bbox 186 2156 443 2208; x_wconf 83' lang='lat' dir='ltr'>apostolorum</span> <span class='ocrx_word' id='word_1_172' title='bbox 462 2155 560 2194; x_wconf 86' lang='lat' dir='ltr'>Petri</span> <span class='ocrx_word' id='word_1_173' title='bbox 577 2165 612 2194; x_wconf 91' lang='lat' dir='ltr'>et</span> <span class='ocrx_word' id='word_1_174' title='bbox 628 2157 734 2194; x_wconf 77' lang='lat' dir='ltr'>Pauli</span> <span class='ocrx_word' id='word_1_175' title='bbox 750 2187 759 2204; x_wconf 90' lang='lat'>,</span> <span class='ocrx_word' id='word_1_176' title='bbox 783 2166 908 2195; x_wconf 81' lang='lat' dir='ltr'>nostra</span> <span class='ocrx_word' id='word_1_177' title='bbox 928 2172 1080 2209; x_wconf 88' lang='lat' dir='ltr'>quoque</span> <span class='ocrx_word' id='word_1_178' title='bbox 1097 2158 1408 2196; x_wconf 86' lang='lat' dir='ltr'>confirmaremus</span> <span class='ocrx_word' id='word_1_179' title='bbox 1425 2172 1520 2194; x_wconf 85' lang='lat' dir='ltr'>auc-</span> 
     </span>
     <span class='ocr_line' id='line_1_24' title="bbox 104 2219 1520 2272; baseline 0.001 -15"><span class='ocrx_word' id='word_1_180' title='bbox 104 2220 266 2257; x_wconf 79' lang='lat' dir='ltr'>toritate.</span> <span class='ocrx_word' id='word_1_181' title='bbox 287 2219 405 2270; x_wconf 84' lang='lat' dir='ltr'>Cujus</span> <span class='ocrx_word' id='word_1_182' title='bbox 424 2220 595 2271; x_wconf 87' lang='lat' dir='ltr'>petitioni</span> <span class='ocrx_word' id='word_1_183' title='bbox 627 2219 790 2258; x_wconf 88' lang='lat' dir='ltr'>libenter</span> <span class='ocrx_word' id='word_1_184' title='bbox 825 2221 1138 2272; x_wconf 87' lang='lat' dir='ltr'>acquievimus....</span> <span class='ocrx_word' id='word_1_185' title='bbox 1175 2220 1223 2258; x_wconf 88' lang='lat' dir='ltr'>Et</span> <span class='ocrx_word' id='word_1_186' title='bbox 1251 2229 1292 2258; x_wconf 87' lang='lat' dir='ltr'>ut</span> <span class='ocrx_word' id='word_1_187' title='bbox 1319 2220 1394 2257; x_wconf 81' lang='lat' dir='ltr'>haec</span> <span class='ocrx_word' id='word_1_188' title='bbox 1427 2235 1520 2258; x_wconf 85' lang='lat' dir='ltr'>auc-</span> 
     </span>
     <span class='ocr_line' id='line_1_25' title="bbox 104 2282 1520 2322; baseline 0.001 -2"><span class='ocrx_word' id='word_1_189' title='bbox 104 2284 232 2321; x_wconf 84' lang='lat' dir='ltr'>toritas</span> <span class='ocrx_word' id='word_1_190' title='bbox 265 2297 287 2321; x_wconf 87' lang='lat' dir='ltr'>a</span> <span class='ocrx_word' id='word_1_191' title='bbox 322 2283 496 2321; x_wconf 86' lang='lat' dir='ltr'>fidelibus</span> <span class='ocrx_word' id='word_1_192' title='bbox 517 2291 653 2320; x_wconf 64' lang='lat' dir='ltr'>sanctae</span> <span class='ocrx_word' id='word_1_193' title='bbox 678 2283 748 2321; x_wconf 79' lang='lat' dir='ltr'>Dei</span> <span class='ocrx_word' id='word_1_194' title='bbox 769 2282 945 2321; x_wconf 80' lang='lat' dir='ltr'>Ecclesiae</span> <span class='ocrx_word' id='word_1_195' title='bbox 966 2299 1009 2321; x_wconf 85' lang='lat' dir='ltr'>ac</span> <span class='ocrx_word' id='word_1_196' title='bbox 1039 2285 1177 2322; x_wconf 83' lang='lat' dir='ltr'>nostris</span> <span class='ocrx_word' id='word_1_197' title='bbox 1200 2284 1325 2322; x_wconf 86' lang='lat' dir='ltr'>verius</span> <span class='ocrx_word' id='word_1_198' title='bbox 1346 2284 1520 2321; x_wconf 87' lang='lat' dir='ltr'>credatur</span> 
     </span>
     <span class='ocr_line' id='line_1_26' title="bbox 105 2347 1516 2400; baseline 0 -16"><span class='ocrx_word' id='word_1_199' title='bbox 105 2355 143 2384; x_wconf 84' lang='lat' dir='ltr'>et</span> <span class='ocrx_word' id='word_1_200' title='bbox 184 2347 405 2400; x_wconf 87' lang='lat' dir='ltr'>diligentius</span> <span class='ocrx_word' id='word_1_201' title='bbox 442 2355 709 2392; x_wconf 86' lang='lat' dir='ltr'>conservetur,</span> <span class='ocrx_word' id='word_1_202' title='bbox 745 2362 862 2385; x_wconf 88' lang='lat' dir='ltr'>manu</span> <span class='ocrx_word' id='word_1_203' title='bbox 903 2349 1053 2400; x_wconf 86' lang='lat' dir='ltr'>propria</span> <span class='ocrx_word' id='word_1_204' title='bbox 1086 2348 1449 2386; x_wconf 84' lang='lat' dir='ltr'>subterfirmavimus</span> <span class='ocrx_word' id='word_1_205' title='bbox 1483 2356 1516 2385; x_wconf 85' lang='lat' dir='ltr'>et</span> 
     </span>
     <span class='ocr_line' id='line_1_27' title="bbox 107 2410 1009 2462; baseline 0.001 -14"><span class='ocrx_word' id='word_1_206' title='bbox 107 2410 239 2448; x_wconf 86' lang='lat' dir='ltr'>annuli</span> <span class='ocrx_word' id='word_1_207' title='bbox 255 2412 374 2450; x_wconf 85' lang='lat' dir='ltr'>nostri</span> <span class='ocrx_word' id='word_1_208' title='bbox 391 2411 637 2462; x_wconf 88' lang='lat' dir='ltr'>impressione</span> <span class='ocrx_word' id='word_1_209' title='bbox 656 2411 796 2448; x_wconf 85' lang='lat' dir='ltr'>muniri</span> <span class='ocrx_word' id='word_1_210' title='bbox 815 2411 1009 2461; x_wconf 82' lang='lat' dir='ltr'>jussimus.</span> 
     </span>
    </p>

    <p class='ocr_par' dir='ltr' id='par_1_9' title="bbox 110 2475 1520 2591">
     <span class='ocr_line' id='line_1_28' title="bbox 161 2475 1520 2529; baseline -0.001 -16"><span class='ocrx_word' id='word_1_211' title='bbox 161 2475 317 2529; x_wconf 84' lang='lat' dir='ltr'>Signum</span> <span class='ocrx_word' id='word_1_212' title='bbox 351 2475 567 2513; x_wconf 83' lang='lat' dir='ltr'>Hludowici</span> <span class='ocrx_word' id='word_1_213' title='bbox 598 2475 824 2513; x_wconf 84' lang='lat' dir='ltr'>serenissimi</span> <span class='ocrx_word' id='word_1_214' title='bbox 863 2475 1109 2527; x_wconf 82' lang='lat' dir='ltr'>imperatoris.</span> <span class='ocrx_word' id='word_1_215' title='bbox 1144 2475 1374 2512; x_wconf 81' lang='lat' dir='ltr'>Helizachar</span> <span class='ocrx_word' id='word_1_216' title='bbox 1413 2490 1520 2512; x_wconf 76' lang='lat' dir='ltr'>roco·-</span> 
     </span>
     <span class='ocr_line' id='line_1_29' title="bbox 110 2541 443 2591; baseline 0 -15"><span class='ocrx_word' id='word_1_217' title='bbox 110 2541 218 2591; x_wconf 76' lang='lat' dir='ltr'>gnovi</span> <span class='ocrx_word' id='word_1_218' title='bbox 244 2548 279 2577; x_wconf 84' lang='lat' dir='ltr'>ct</span> <span class='ocrx_word' id='word_1_219' title='bbox 303 2541 443 2576; x_wconf 64' lang='lat' dir='ltr'>curari.</span> 
     </span>
    </p>
   </div>
   <div class='ocr_carea' id='block_1_9' title="bbox 780 2645 1439 2654">
    <p class='ocr_par' dir='ltr' id='par_1_10' title="bbox 780 2645 1439 2654">
     <span class='ocr_line' id='line_1_30' title="bbox 780 2645 1439 2654; baseline 0 0"><span class='ocrx_word' id='word_1_220' title='bbox 780 2645 1439 2654; x_wconf 95' lang='lat' dir='ltr'> </span> 
     </span>
    </p>
   </div>
   <div class='ocr_carea' id='block_1_10' title="bbox 152 2708 1101 2751">
    <p class='ocr_par' dir='ltr' id='par_1_11' title="bbox 152 2708 1101 2751">
     <span class='ocr_line' id='line_1_31' title="bbox 152 2708 1101 2751; baseline -0.002 -9"><span class='ocrx_word' id='word_1_221' title='bbox 152 2712 195 2748; x_wconf 71' lang='lat'>(¹)</span> <span class='ocrx_word' id='word_1_222' title='bbox 213 2710 365 2747; x_wconf 62' lang='lat' dir='ltr'>Min-xus,</span> <span class='ocrx_word' id='word_1_223' title='bbox 389 2710 583 2750; x_wconf 63' lang='lat' dir='ltr'>lh‘svlnmata</span> <span class='ocrx_word' id='word_1_224' title='bbox 602 2708 741 2749; x_wconf 53' lang='lat' dir='ltr'>Helaira</span> <span class='ocrx_word' id='word_1_225' title='bbox 757 2736 763 2745; x_wconf 79' lang='lat'>,</span> <span class='ocrx_word' id='word_1_226' title='bbox 783 2716 865 2741; x_wconf 81' lang='lat' dir='ltr'>tom.</span> <span class='ocrx_word' id='word_1_227' title='bbox 884 2710 910 2746; x_wconf 82' lang='grc' dir='ltr'>Ι,</span> <span class='ocrx_word' id='word_1_228' title='bbox 937 2722 1010 2751; x_wconf 68' lang='lat' dir='ltr'>pag.</span> <span class='ocrx_word' id='word_1_229' title='bbox 1036 2713 1101 2741; x_wconf 71' lang='grc' dir='ltr'>ιῖἱι.</span> 
     </span>
    </p>
   </div>
  </div>
 </body>
</html>
