1924 3183
412 155 487 192 130
990 146 1233 185 PIPPINUS„

993 273 1235 321 DCCLIV.

475 383 741 449 Stephanus
765 401 882 448 papa
906 392 1158 447 postquam
1184 399 1208 426 a
1236 396 1346 444 rege
1373 379 1578 443 Pippino
1602 379 1823 426 Ecclesiae

409 480 618 510 romanae
646 462 934 509 defensionis
966 460 1243 507 firmitatem
1271 457 1451 521 accepit
1467 493 1480 514 ,
1519 457 1674 521 ipsum
1698 474 1822 503 sacra

409 542 640 587 unctione
666 539 722 586 ad
745 540 889 604 regiae
913 537 1155 604 dignitatis
1180 535 1413 583 honorem
1438 535 1754 595 consecravit,
1778 545 1823 582 et

410 635 520 664 cum
550 635 606 665 eo
630 616 748 664 duos
771 616 894 663 filios
925 618 1022 679 ejus
1039 650 1051 671 ,
1081 613 1314 660 Karolum
1339 622 1385 659 et
1417 612 1821 667 Karlomannum;

408 693 676 757 mansitque
702 692 906 739 hiberno
936 701 1151 755 tempore
1176 690 1224 736 in
1250 689 1462 753 Francia.
1492 688 1674 736 Eodem
1697 704 1824 734 anno

409 771 699 827 Bonifatius,
734 770 1111 833 archiepiscopus
1137 767 1562 832 Mogontiacensis,
1600 767 1647 812 in
1678 767 1823 812 Frisia

410 848 611 898 verbum
627 849 709 896 Dei
726 848 1006 912 praedicans,
1026 864 1049 892 a
1069 847 1257 911 paganis
1276 845 1569 901 interfectus,
1590 845 1823 909 martyrio

412 937 667 973 coronatus
689 936 772 972 est.

1008 1065 1226 1112 DCCLV.

474 1175 703 1238 Pippinus
729 1192 811 1220 rex
826 1208 838 1228 ,
867 1174 1100 1219 invitante
1122 1182 1264 1235 atque
1288 1181 1566 1235 suggerente
1596 1169 1825 1234 praedicto

408 1252 629 1299 Romano
655 1249 907 1314 pontifice,
934 1257 1132 1312 propter
1145 1247 1379 1311 justitiam
1397 1246 1520 1294 beati
1542 1248 1667 1294 Petri
1691 1265 1823 1311 apos-

406 1328 494 1375 toli
510 1346 534 1374 a
549 1344 659 1392 rege
674 1325 1098 1391 Langobardorum
1113 1325 1389 1390 exigendam
1409 1326 1500 1389 (ι),
1519 1325 1700 1372 Italiam
1717 1343 1824 1372 cum

406 1405 558 1452 valida
583 1423 729 1452 manu
754 1405 1038 1470 ingreditur.
1067 1402 1411 1450 Resistentibus
1435 1402 1754 1468 Langobardis
1780 1415 1826 1450 et

408 1484 610 1531 claustra
633 1483 782 1529 Italiae
806 1481 1075 1538 tuentibus,
1101 1480 1159 1527 ad
1184 1483 1302 1546 ipsas
1325 1482 1565 1528 montium
1590 1481 1735 1527 clusas
1758 1485 1823 1544 (2)

409 1561 640 1608 acerrime
663 1570 930 1624 pugnatum
954 1569 1051 1616 est3
1084 1558 1455 1623 cedentibusque
1477 1557 1821 1623 Langobardis‚

409 1657 576 1687 omnes
599 1639 750 1702 copiae
774 1639 1069 1685 Francorum
1089 1637 1304 1701 quamvis
1322 1636 1558 1684 difficilem
1575 1638 1701 1682 viam
1724 1654 1823 1683 non

407 1735 582 1783 magno
599 1716 763 1763 labore
779 1725 1081 1780 superarunt.
1102 1713 1363 1761 Haistulfus
1381 1731 1496 1762 vero
1508 1752 1520 1775 ‚
1542 1731 1626 1761 rex
1645 1715 1826 1778 Lango-

407 1791 697 1847 bardorum,
723 1807 921 1838 manum
947 1806 1196 1837 conserere
1222 1806 1322 1836 non
1355 1806 1518 1848 ausus,
1553 1789 1602 1835 in
1637 1788 1824 1835 civitate

406 1868 547 1933 Papia
577 1885 600 1913 a
629 1884 738 1931 rege
760 1866 966 1931 Pippino
989 1865 1202 1913 obsessus
1226 1876 1326 1922 est3
1360 1865 1442 1930 qui
1470 1875 1580 1911 ante
1611 1864 1824 1912 obsidio-

406 1962 518 1991 nem
537 1961 638 1991 non
664 1944 808 1990 solvit
829 1960 971 2007 quam
986 1979 998 2000 ‚
1027 1943 1263 1989 firmitatis
1288 1960 1420 1989 causa
1434 1978 1448 2000 ,
1474 1960 1565 2007 pro
1588 1942 1822 1990 reddenda

407 2033 581 2069 sanctae
606 2040 818 2070 romanae
838 2021 1060 2068 Ecclesiae
1076 2021 1257 2085 justitia
1284 2022 1356 2084 (5)
1372 2057 1385 2078 ‚
1411 2020 1596 2068 obsides
1621 2038 1677 2066 XL
1698 2039 1822 2068 rece-

407 2100 567 2163 pisset.
602 2100 732 2146 Datis
759 2116 874 2146 vero
905 2116 965 2145 XL
1000 2097 1244 2145 obsidibus
1275 2099 1613 2163 promissisque
1637 2101 1824 2164 jureju—

407 2176 559 2223 rando
584 2175 782 2222 firmatis
799 2211 812 2234 ‚
842 2176 939 2239 ipse
961 2175 1154 2239 quidem
1180 2176 1229 2220 in
1256 2192 1457 2239 regnum
1482 2193 1619 2222 suum
1649 2193 1824 2240 regres-

453 2362 504 2408 (1)
529 2362 573 2396 D.
600 2362 716 2409 Bouq.
740 2368 891 2409 propter
913 2368 1039 2408 erepta
1056 2374 1218 2397 romanoe
1235 2361 1417 2396 Ecclesiae
1438 2373 1506 2407 per
1530 2372 1653 2407 regem
1671 2361 1819 2409 Longo-

409 2421 611 2455 bardorum
624 2421 805 2465 dominia,
828 2421 978 2456 Italiam
995 2434 1107 2456 manu
1119 2419 1250 2456 valida
1265 2419 1484 2466 ingreditur.

453 2481 504 2526 (¹2)
531 2480 649 2515 Codd.
669 2481 812 2515 Trevir.
835 2487 871 2515 et
888 2479 1102 2517 vindobon.
1129 2492 1223 2528 990:
1252 2480 1411 2514 clausas.
1440 2478 1484 2512 D.
1506 2477 1620 2525 Bouq.
1647 2480 1819 2513 montium

409 2541 623 2584 angustias,
650 2553 744 2587 quas
773 2540 904 2575 Clusas
920 2546 1070 2575 vocant.

452 2597 502 2642 (3)
527 2600 572 2635 D.
593 2600 706 2647 Bouq.
735 2613 802 2646 pro
828 2600 1064 2635 restituendis
1089 2612 1171 2646 quas
1192 2611 1352 2634 romanoe
1381 2598 1561 2632 Ecclesiae
1577 2597 1706 2632 ablata
1724 2597 1817 2643 suff·

409 2664 506 2691 rant.
