1924 3183
328 182 406 219 372
842 176 1215 215 HLUDOWICUS.

329 265 577 314 denecenti
592 274 841 320 vocantur,
862 274 909 310 et
924 264 1213 310 contermini
1229 263 1442 328 Bulgaris
1459 265 1648 312 Daciam
1659 269 1746 314 Da—

326 343 481 391 nubio
501 343 792 407 adjacentem
812 341 1051 398 incolunt,
1074 341 1158 404 qui
1177 351 1223 387 et
1240 341 1325 405 ipsi
1347 341 1598 390 adventare
1616 362 1745 390 nun-

329 421 590 477 tiabantur,
613 419 741 465 illico
764 419 926 465 venire
947 418 1178 481 permisit.
1202 416 1293 477 Qui
1313 436 1421 464 cum
1443 419 1500 465 de
1522 420 1748 484 Bulgaro-

328 517 438 545 rum
462 498 624 562 iniqua
646 495 948 543 infestatione
967 505 1284 559 quererentur
1302 495 1395 558 (1),
1418 506 1463 542 et
1484 508 1648 543 contra
1669 514 1748 544 eos

327 575 559 621 auxilium
579 573 667 619 sibi
687 573 802 620 ferri
825 573 1154 636 deposcerent,
1179 572 1376 619 domum
1397 573 1482 629 ire,
1503 585 1642 637 atque
1663 574 1747 620 ite-

328 670 436 698 rum
456 652 512 697 ad
540 661 726 714 tempus
745 650 1061 714 Bulgarornm
1079 649 1241 713 legatis
1259 650 1572 695 constitutum
1595 651 1749 696 redire

322 730 438 793 jussi
460 739 588 774 sunt.
613 729 840 791 Suppone
860 725 982 790 apud
1003 726 1268 790 Spoletum‚
1293 727 1611 773 sicut-dictum
1630 738 1746 785 erat,

328 808 576 861 defuncto,
599 806 803 853 eundem
822 803 1048 850 ducatum
1064 803 1356 850 Adalhardus
1382 822 1538 852 comes
1562 805 1746 868 palatii,

328 887 412 951 qui
432 886 600 949 junior
634 882 910 939 vocabatur,
944 882 1149 945 accepit,
1179 882 1261 945 qui
1291 900 1398 927 curn
1428 884 1506 928 vix
1538 883 1752 947 quinque

329 980 512 1009 menses
537 960 704 1008 eodem
729 959 912 1006 honore
944 960 1199 1022 potiretur,
1231 969 1477 1022 correptus
1508 958 1639 1006 febre
1671 960 1748 1006 de*

330 1040 483 1087 cessit.
503 1039 589 1084 Cui
612 1055 720 1084 cum
737 1037 986 1099 Moringus
1007 1036 1181 1081 Brixiae
1202 1053 1360 1081 comes
1380 1053 1618 1084 successor
1636 1050 1754 1083 esset

332 1119 531 1173 clectus,
569 1115 743 1161 nuntio
776 1113 973 1160 honoris
1007 1111 1094 1157 sibi
1125 1112 1336 1175 deputati
1367 1124 1586 1176 accepto,
1611 1113 1754 1160 decu-

329 1196 460 1252 buit,
484 1205 531 1240 et
547 1193 706 1257 paucis
725 1188 1019 1254 interpositis
1037 1189 1202 1235 diebus
1224 1191 1369 1235 vitam
1391 1189 1564 1236 finivit.
1588 1190 1754 1237 AEblus

330 1283 378 1319 et
397 1272 640 1318 Asinarius
662 1269 859 1316 comites
882 1285 991 1314 cum
1012 1268 1159 1331 copiis
1177 1267 1474 1313 VVasconum
1494 1268 1547 1312 ad
1568 1269 1757 1332 Pampi-

329 1351 493 1397 lonem
524 1348 678 1404 missi,
715 1363 826 1392 cum
851 1355 1043 1409 peracto
1071 1348 1169 1408 jam
1201 1344 1288 1389 sibi
1318 1344 1534 1407 injuncto
1563 1346 1756 1409 negotio

329 1435 705 1480 reverterentur,
734 1425 784 1470 in
806 1425 908 1488 ipso
926 1423 1134 1488 Pyrinaei
1154 1425 1271 1487 jugo
1292 1422 1486 1486 perfidia
1508 1435 1759 1471 montano-

332 1524 442 1553 rum
465 1506 511 1550 in
537 1502 725 1550 insidias
749 1502 940 1549 deducti
966 1519 1018 1547 ac
1041 1501 1382 1557 circumventi,
1409 1502 1530 1564 capti
1552 1514 1687 1559 sunt,
1711 1514 1759 1548 et

335 1585 488 1646 copiae
509 1598 624 1646 quas
644 1597 802 1626 secum
822 1577 1029 1625 habuere
1044 1614 1058 1636 ,
1083 1596 1204 1641 pene
1225 1595 1373 1642 usque
1392 1577 1448 1623 ad
1472 1580 1519 1624 in
1529 1580 1759 1625 ternecio—

336 1677 448 1707 nem
471 1657 638 1704 deletae
661 1677 671 1702 ε
701 1666 747 1703 et
770 1654 939 1702 AEblus
963 1656 1158 1720 quidem
1175 1655 1246 1718 (2)
1266 1654 1538 1702 Cordubam
1558 1657 1723 1702 missus
1742 1695 1753 1713 ‚

336 1738 581 1785 Asinarius
600 1753 715 1782 vero
733 1734 1057 1782 misericordia
1078 1751 1245 1781 eorum
1266 1735 1348 1798 qui
1373 1752 1482 1780 eum
1508 1745 1754 1798 ceperant,

338 1816 470 1881 quasi
498 1815 580 1880 qui
609 1812 988 1877 consanguineus
1012 1829 1180 1859 eorum
1205 1822 1349 1868 esset,
1381 1811 1581 1858 domum
1606 1811 1760 1858 redire

340 1894 595 1958 permissus
617 1902 703 1938 est.
731 1891 1007 1938 Hlotharius
1026 1906 1140 1936 vero
1157 1892 1292 1953 juxta
1318 1891 1461 1952 patris
1484 1891 1761 1936 mandatum

343 1974 546 2019 Romam
581 1969 825 2033 profectus
839 2005 852 2026 ,
891 1968 950 2014 ab
983 1968 1200 2032 Eugenio
1236 1968 1464 2031 pontifice
1498 1968 1762 2015 honorifice

342 2048 615 2111 suscipitur.
646 2045 738 2105 Qui
764 2063 871 2091 cum
898 2046 1111 2108 injuncta
1134 2042 1222 2090 sibi
1252 2044 1560 2108 patefaceret,
1588 2056 1763 2091 statum

347 2124 510 2189 populi
531 2123 733 2170 Romani
747 2122 1030 2186 jamdudum
1048 2122 1365 2186 quorumdam
1386 2122 1644 2186 praesulum
1663 2141 1764 2187 per-

348 2202 568 2249 versitate
604 2200 909 2262 depravatum
929 2235 942 2255 ‚
983 2199 1228 2246 memorati
1264 2199 1506 2263 pontificis
1537 2199 1765 2246 benevola

349 2279 614 2326 assensione
644 2278 705 2322 ita
735 2277 970 2331 correxit,
1002 2285 1053 2321 ut
1073 2293 1239 2323 omnes
1272 2277 1353 2340 qui
1384 2293 1546 2323 rerum
1576 2294 1765 2323 suarum

398 2440 447 2483 (1)
473 2439 520 2472 Ι).
537 2438 654 2483 Bouq.
671 2448 753 2470 cum
773 2435 960 2470 Nuenario
979 2435 1111 2469 comite
1136 2451 1141 2467 :
1165 2447 1187 2468 α
1206 2434 1383 2479 Bulgaris
1402 2436 1523 2481 inique
1543 2434 1715 2480 ilgfeslari
1729 2447 1766 2468 sc

352 2503 603 2546 quereremur.

399 2561 447 2603 (ρ’)
473 2558 525 2591 Ex
550 2557 607 2591 his
627 2555 774 2590 vocibus
793 2554 928 2589 AEblns
946 2554 1092 2600 quidem
1111 2565 1225 2600 usquc
1244 2552 1289 2586 ad
1310 2564 1411 2586 voces
1435 2553 1576 2586 vicinos
1605 2564 1690 2585 suos
1709 2554 1765 2585 ιἠ-

353 2618 491 2652 cendiis
507 2623 539 2651 el
562 2615 841 2661 (lires)[ionibus.
864 2615 898 2647 in
920 2626 1014 2647 anno
1034 2613 1197 2659 sequenti
1215 2641 1222 2655 ‚
1245 2611 1356 2646 codex
1378 2610 1590 2647 vindobon
1614 2609 1682 2652 654
1702 2610 1767 2644 de-

355 2679 438 2712 sicil.
