2043 3193
523 172 574 209 (32
858 166 980 205 VITA
1011 166 1205 206 KAROLI
1239 166 1603 207 IMPERATORIS.

523 256 628 302 dam
660 255 733 319 (1)
758 254 979 302 Saxonici
1010 255 1223 320 generis,
1259 253 1317 302 de
1341 272 1433 319 qua
1457 255 1499 302 ei
1523 253 1620 301 filia
1644 256 1841 303 nomine
1874 258 1941 321 (2)

525 331 757 379 Adaltrud
780 333 854 397 (5)
879 344 989 379 nata
1007 343 1076 380 est
1090 369 1103 389 ‚
1129 344 1176 380 et
1196 333 1428 398 Reginam
1448 333 1522 397 (4)
1536 369 1550 391 ,
1573 350 1682 398 quae
1704 334 1746 381 ei
1766 334 1946 400 Drogo-

524 427 638 457 nem
663 410 737 472 (5)
770 420 817 458 et
840 411 1031 475 Hugum
1061 411 1133 475 (6)
1164 410 1355 476 genuit,
1384 420 1431 458 et
1461 409 1763 458 Adallindem
1785 412 1856 476 (7)
1890 430 1948 460 ex

525 506 618 553 qua
651 488 976 537 Theodricum
1009 490 1084 554 (8)
1118 489 1404 554 procreavit.
1441 489 1596 536 Mater
1627 505 1820 554 quoque
1851 492 1949 555 ejus

527 565 787 613 Berthrada
812 567 878 630 (9)
903 567 951 613 in
982 584 1156 632 magno
1182 567 1307 631 apud
1330 584 1439 614 eum
1467 565 1652 614 honore
1677 568 1945 615 consenuit.

528 642 726 691 Colebat
745 644 874 691 enim
899 661 1000 691 eam
1025 661 1136 691 cum
1158 661 1340 691 summa
1361 644 1466 708 (10)
1491 644 1783 702 reverentia,
1810 645 1873 691 ita
1897 653 1952 690 ut

529 719 658 765 nulla
677 737 890 784 unquam
908 720 1112 767 invicem
1126 722 1165 783 (1
1183 721 1226 783 1)
1245 721 1307 767 sit
1324 730 1487 769 exorta
1502 720 1756 777 discordia,
1775 730 1952 785 praeter

530 798 579 844 in
596 797 806 845 divortio
825 797 937 844 filiae
955 798 1186 845 Desiderii
1206 799 1346 862 regis,
1367 816 1511 863 quam
1531 798 1608 845 illa
1628 798 1854 846 suadente
1875 815 1953 844 ac-

530 887 733 940 ceperat.
749 876 956 924 Decessit
968 875 1158 922 tandem
1174 887 1283 940 post
1293 886 1502 924 mortem
1516 876 1829 941 Hildegardae,
1843 894 1953 923 cum

523 957 622 1018 jam
650 965 743 1002 tres
768 965 965 1019 nepotes
985 971 1094 1002 suos
1121 954 1416 1021 totidemque
1437 966 1601 1020 neptes
1627 956 1676 1002 in
1701 955 1787 1002 filii
1807 955 1953 1003 domo

531 1032 742 1089 vidisset;
771 1050 915 1098 quam
941 1032 1020 1079 ille
1049 1035 1096 1079 in
1132 1033 1295 1081 eadem
1324 1033 1515 1081 basilica
1547 1052 1640 1099 qua
1674 1044 1807 1099 pater
1839 1034 1954 1081 situs

532 1121 629 1166 est,
662 1110 785 1175 apud
815 1111 1044 1157 Sanctum
1076 1111 1388 1177 Dionysium,
1422 1128 1597 1176 magno
1627 1129 1737 1159 cum
1766 1111 1953 1159 honore

530 1186 644 1234 fecit
666 1186 871 1234 humari.
894 1188 1011 1234 Erat
1035 1189 1077 1235 ei
1098 1189 1238 1235 unica
1261 1206 1418 1246 soror,
1445 1189 1644 1237 nomine
1669 1189 1797 1238 Gisla
1818 1189 1952 1253 (12),

532 1283 555 1310 a
576 1264 867 1329 puellaribus
886 1265 1023 1311 annis
1042 1265 1277 1331 religiosae
1297 1267 1650 1314 conversationi
1668 1266 1954 1331 mancipata,

531 1361 676 1408 quam
700 1343 920 1392 similiter
943 1354 998 1390 ut
1027 1354 1230 1392 matrem
1251 1363 1421 1410 magna
1449 1345 1556 1409 (13)
1581 1345 1733 1393 coluit
1754 1345 1928 1410 pietate
1938 1363 1953 1402 ;

532 1439 641 1485 quae
662 1422 828 1478 etiam,
855 1422 1016 1486 paucis
1036 1432 1146 1470 ante
1165 1421 1356 1471 obitum
1375 1423 1500 1470 illius
1524 1424 1686 1481 annis,
1710 1424 1759 1471 in
1779 1441 1835 1472 eo
1858 1440 1958 1489 quo

533 1510 807 1547 conversata
832 1511 901 1547 est
922 1502 1214 1550 monasterio
1239 1502 1452 1549 decessit.

535 1675 778 1719 concubinas,
812 1680 850 1709 et
880 1686 980 1722 seqq.
1011 1674 1142 1709 verba:
1175 1674 1533 1722 Illachalgardim....
1566 1674 1772 1710 Rothildim
1798 1674 1960 1718 omittit,

535 1748 613 1783 quae
630 1735 779 1783 quidem
798 1735 836 1770 in
854 1734 1039 1782 plerisque
1055 1734 1164 1770 codd.
1182 1734 1451 1770 desiderantur.

583 1797 634 1842 (1)
659 1795 732 1830 All.
759 1794 1052 1839 Gersuuindqm,
1082 1795 1351 1830 Gesuimzdam.

583 1857 636 1901 (2)
661 1856 717 1890 Ita
732 1855 779 1889 D.
798 1855 913 1902 Bouq.
933 1861 970 1889 et
989 1867 1120 1890 novem
1138 1855 1246 1890 codd.
1262 1876 1308 1881 —
1320 1855 1427 1890 Pertz
1445 1870 1452 1889 :
1476 1868 1621 1890 nomen.

584 1913 635 1960 (5)
659 1913 731 1949 All.
752 1913 950 1956 Adatrud,
972 1913 1217 1958 Adaltrudis,
1244 1914 1483 1957 Adaltlzrud,
1506 1913 1730 1956 Adalhrud,
1758 1912 1963 1955 Adaltrut,

540 1973 723 2017 Adalrczt,
752 1972 981 2017 Adaltlzrat,
1009 1972 1248 2016 Adaltrlzud,
1274 1973 1473 2016 Adalrud,
1503 1971 1962 2016 Adalrhut‚Adatrh1ul‚

539 2034 575 2067 A
580 2032 683 2068 (trud
693 2061 701 2077 ,
722 2032 968 2067 Adeldrudis.

586 2095 637 2139 (4)
661 2093 735 2129 All.
756 2093 959 2137 Rehiuam,
980 2093 1157 2136 Reinam,
1178 2093 1354 2136 Remum,
1376 2093 1542 2139 Regiam.

586 2153 635 2199 (5)
661 2153 734 2189 All.
756 2154 989 2201 Drugonem‚
1009 2153 1261 2199 Drougonem.

589 2211 638 2258 (6)
664 2212 878 2259 Hugonem,
897 2212 936 2246 in
955 2218 1047 2258 sept.
1067 2210 1195 2253 codd.;
1220 2210 1266 2245 al.
1294 2209 1475 2256 Ugonem.

588 2273 638 2320 (7)
663 2271 735 2307 All.
761 2270 1008 2314 Adalinclem,
1029 2270 1280 2311 Adillindetm
1307 2269 1576 2313 Adallindam‚
1598 2268 1854 2311 Adillindam,
1878 2266 1963 2302 Ad-

544 2331 701 2375 lindam,
724 2331 940 2376 Atlindam,
957 2330 1198 2374 Adalintam,
1219 2329 1418 2374 Aluidam,
1437 2329 1688 2371 Adalindam,
1711 2327 1964 2364 Adelluidam.

588 2390 638 2435 (8)
664 2389 736 2424 All.
765 2389 1052 2433 Theodericum,
1079 2387 1366 2431 leeodoricum,
1395 2387 1677 2423 Thedericlzum.

590 2450 640 2496 (9)
666 2449 739 2484 All,
759 2448 990 2493 Berlztrczda,
1010 2447 1260 2491 Beretlzrafflz,
1280 2448 1484 2491 Bertrada,
1504 2446 1698 2483 Beda-ada
1712 2475 1719 2489 ‚
1740 2446 1932 2481 Perlztrut.

592 2509 665 2551 (ιο)
692 2507 811 2545 Codd.
831 2508 972 2544 Christ.
992 2508 1086 2555 Reg.
1103 2507 1191 2555 692,
1213 2515 1250 2542 et
1267 2507 1480 2544 Vindobon.
1506 2507 1568 2541 16:
1594 2518 1743 2551 magna.

596 2570 624 2604 (ι
640 2569 668 2612 ι)
695 2568 855 2602 Nuenar.
878 2580 970 2603 corn.
991 2570 1173 2603 intereos.

598 2628 669 2670 (η)
699 2627 764 2661 All.
790 2628 923 2675 Cycla,
953 2630 1095 2670 Gz'sela,
1126 2629 1255 2663 Gisila.

599 2685 670 2729 (13)
697 2687 787 2721 (jod.
815 2688 1023 2724 Vindobon.
1050 2703 1134 2723 110⁴
1167 2700 1315 2722 <amm-7.
