1924 3183
365 168 442 205 ‘234
946 161 1196 200 KAROLUS.

366 253 464 297 lum
491 252 538 296 in
570 250 664 313 ipsa
698 249 892 314 regione
923 247 1172 295 hiemaret.
1209 248 1413 310 Sumpto
1452 247 1597 312 igitur
1627 266 1785 295 secum

365 329 595 376 comitatu
627 344 737 384 suo,
761 327 1016 374 Saxoniam
1039 325 1201 390 petiit,
1228 325 1484 390 castrisque
1513 342 1652 389 super
1668 327 1786 371 Wi-

367 424 528 454 suram
561 406 727 470 positis
763 405 1006 461 consedit,
1046 414 1093 451 et
1128 403 1290 450 locum
1327 414 1593 450 castrorum
1624 403 1788 450 Heris-

370 485 467 532 telli
500 486 571 547 (1)
604 485 760 531 vocari
790 484 953 548 jussit,
988 483 1070 548 qui
1101 482 1232 528 locus
1265 479 1323 527 ab
1357 480 1526 527 incolis
1558 498 1705 544 usque
1739 481 1786 526 in

365 580 572 627 praesens
598 563 659 608 ita
683 562 980 609 nominatur.
1009 561 1288 607 Exercitum
1308 576 1422 606 vero
1436 595 1447 615 ,
1468 575 1611 624 quem
1631 576 1789 605 secum

364 639 584 695 adduxit,
612 656 698 703 per
724 648 875 686 totam
898 638 1151 685 Saxoniam
1176 637 1223 683 in
1248 635 1444 684 hiberna
1468 635 1643 682 divisit.
1672 635 1790 681 Illuc

365 718 625 782 Pippinum
648 717 704 764 de
726 716 857 763 Italia
882 728 929 763 et
953 716 1290 764 Hludowicum
1314 715 1370 762 de
1394 714 1631 778 hispanica
1652 731 1789 778 expe-

365 795 550 843 ditione
574 812 809 860 regressos
829 794 885 840 ad
904 812 950 841 se
970 795 1133 846 venire
1150 794 1315 858 jussit,
1342 793 1405 839 ibi
1432 793 1608 858 legatos
1630 794 1794 840 Huno-

367 893 476 920 rum
507 892 614 920 cum
642 874 825 938 magnis
860 871 1142 920 muneribus
1173 872 1231 918 ad
1265 890 1312 919 se
1339 872 1504 918 missos
1535 871 1717 917 audivit
1749 882 1793 916 et

367 951 596 1007 absolvit,
627 950 692 996 ibi
718 951 924 1015 legatum
951 950 1206 997 Hadefonsi
1228 986 1240 1005 ,
1273 951 1395 1014 regis
1421 949 1628 996 Asturiae
1653 958 1795 1012 atque

367 1028 602 1085 Gallinae,
633 1027 758 1075 dona
789 1026 878 1073 sibi
911 1026 1206 1074 deferentem
1230 1027 1451 1090 suscepit.
1479 1024 1594 1072 Inde
1620 1025 1796 1071 iterum

368 1106 626 1170 Pippinum
647 1105 704 1151 ad
727 1105 910 1151 Italiam
926 1141 937 1160 ‚
965 1105 1303 1152 Hludowicum
1321 1103 1378 1149 ad
1399 1102 1704 1169 Aquitaniam
1723 1119 1796 1148 re-

370 1185 526 1239 misit,
562 1202 672 1230 cum
703 1201 801 1249 quo
831 1193 878 1230 et
907 1182 1154 1230 Abdellam
1193 1183 1505 1228 Sarracenum
1533 1181 1601 1227 ire
1627 1180 1793 1244 Jussit‚

368 1261 450 1325 qui
485 1270 675 1323 postea,
711 1271 766 1305 ut
805 1260 902 1324 ipse
930 1259 1113 1316 voluit,
1148 1259 1197 1304 in
1222 1258 1497 1322 Hispaniam
1518 1257 1718 1312 ductus,
1750 1265 1798 1302 et

372 1336 564 1383 illorum
591 1336 725 1392 fidei,
754 1335 930 1401 quibus
956 1354 1002 1383 se
1027 1334 1218 1382 credere
1244 1352 1342 1381 non
1369 1333 1630 1390 dubitavit,
1661 1350 1798 1380 com-

370 1415 536 1460 missus
576 1425 662 1462 est.
706 1415 808 1462 Rex
848 1425 1008 1461 autem
1043 1414 1090 1460 in
1131 1414 1332 1460 Saxonia
1366 1412 1601 1469 residens,
1647 1411 1712 1458 ibi
1752 1422 1798 1458 et

371 1491 587 1539 Natalem
616 1492 809 1539 Domini
840 1503 887 1539 et
917 1491 1089 1538 Pascha
1118 1491 1390 1538 celebravit.

912 1645 1252 1692 DCCXCVIII.

438 1751 557 1796 Cum
573 1754 670 1815 jain
690 1770 771 1798 ver
793 1762 1036 1816 appeteret
1057 1753 1125 1815 (2)
1138 1788 1149 1809 ,
1182 1751 1398 1798 nondum
1424 1761 1581 1797 tamen
1602 1760 1802 1814 propter

376 1830 588 1893 inopiam
615 1828 776 1893 pabuli
804 1831 1038 1877 exercitus
1064 1829 1122 1877 de
1149 1829 1361 1877 hibernis
1388 1829 1587 1894 produci
1614 1829 1802 1893 potuis-

376 1919 471 1963 set,
509 1908 717 1955 Saxones
753 1908 1061 1955 transalbiani
1099 1910 1396 1956 occasionem
1430 1909 1586 1964 nacti,
1627 1907 1802 1972 legatos

380 1985 497 2047 regis
536 1985 617 2048 qui
657 1984 714 2030 ad
747 2002 825 2031 eos
859 1985 924 2032 ob
953 1987 1157 2049 justitias
1198 1984 1432 2032 faciendas
1466 1985 1594 2030 missi
1634 1996 1798 2040 erant,

378 2062 745 2126 comprehensos
773 2063 1096 2121 interficiunt,
1122 2064 1280 2128 paucis
1298 2081 1462 2110 eorum
1489 2063 1620 2128 quasi
1647 2062 1703 2108 ad
1726 2080 1803 2109 re-

378 2138 656 2186 dimendum
682 2141 752 2203 (5)
779 2141 1052 2196 reservatis,
1080 2141 1370 2187 trucidantes
1401 2158 1510 2187 cum
1543 2140 1725 2187 caeteris
1757 2150 1802 2187 et

428 2371 478 2415 (1)
504 2369 575 2404 All.
597 2369 805 2413 Heristallz'‚
825 2370 1082 2405 Heristallum.

430 2439 479 2483 (¹2)
505 2438 624 2474 Codd.
646 2439 815 2473 Hannov.
836 2446 874 2473 et
893 2438 1135 2474 Vindobonn.
1162 2450 1224 2472 110
1243 2444 1280 2471 et
1297 2449 1366 2484 990
1384 2452 1389 2469 :
1410 2440 1620 2481 appareret.
1641 2433 1801 2468 Nuenar.

385 2510 505 2531 comcs
524 2504 561 2532 et
578 2498 622 2532 D.
646 2498 759 2545 Bouq.
781 2498 984 2532 accederet.

432 2565 482 2611 (3)
506 2566 624 2602 Godd.
652 2566 866 2602 Vindobon.
895 2566 964 2608 654
995 2582 999 2599 t
1032 2565 1268 2603 remendum,-
1295 2563 1386 2609 Reg.
1409 2560 1523 2596 Paris.
1545 2559 1636 2607 5924
1660 2576 1665 2593 :
1690 2572 1804 2594 remc—

387 2625 505 2660 dican.-
527 2626 735 2661 'l'1·‹,·vircns.
760 2626 1015 2662 remeandum,-
1038 2626 1198 2659 Nucnar.
1221 2634 1340 2657 comcs
1365 2627 1396 2655 ct
1422 2620 1464 2653 Π.
1488 2620 1601 2665 Bonq.
1624 2620 1803 2653 num-ian-

388 2683 484 2717 alum.
