1924 3183
330 164 405 200 308
844 157 1220 196 HLUDOWICUS.

769 334 1307 385 HLUDOWICUS.

895 467 1188 516 DCCCXIV.

398 579 613 625 Domnus
644 575 847 622 Karolus
890 575 1152 639 imperator
1188 572 1303 619 dum
1333 572 1616 637 Aquisgrani
1653 572 1755 619 hie-¹²

332 666 509 713 maret,
531 671 659 702 anno
680 653 831 701 aetatis
851 653 1041 699 circiter
1061 652 1404 716 septuagesimo
1425 651 1600 715 primo,
1621 651 1755 716 regni

331 745 492 781 autem
513 731 875 799 quadragesimo
906 731 1108 794 septimo
1136 731 1204 793 (ι)
1224 766 1237 786 ,
1271 728 1574 793 subactaeque
1610 729 1757 775 Italiae

333 810 692 877 quadragesimo
713 808 875 865 tertio,
893 825 949 854 ex
968 824 1066 872 quo
1084 825 1198 855 vero
1219 808 1487 871 Imperator
1505 816 1554 852 et
1572 807 1757 871 Augus-

335 900 410 936 tus
421 888 681 952 appellatus
693 897 762 933 est
772 901 899 932 anno
909 885 1095 932 decimo
1105 894 1296 949 quarto,
1309 902 1338 932 V
1348 882 1442 931 kal.
1455 883 1578 932 febr.
1588 920 1601 941 ,
1616 883 1758 931 rebus

334 966 553 1012 humanis
577 963 773 1011 excessit
802 963 891 1025 (2).
918 963 1061 1026 Cujus
1087 962 1155 1008 rei
1180 962 1415 1008 nuncium
1441 979 1551 1007 cum
1575 960 1761 1008 Hludo-

334 1045 484 1092 wicus
507 1043 631 1089 filius
656 1044 754 1106 ejus
780 1041 829 1086 in
851 1039 1108 1105 Aquitania
1131 1039 1257 1104 apud
1280 1039 1560 1087 Tedoadum
1585 1040 1654 1103 (5)
1678 1039 1764 1085 vil-

332 1122 448 1177 lam,
465 1119 547 1166 uhi
569 1129 613 1166 et
635 1119 731 1183 ipse
748 1130 864 1165 tunc
882 1116 1183 1177 hibernabat,
1201 1116 1423 1180 plurimis
1436 1114 1761 1164 deferentibus

336 1198 588 1263 accepisset
602 1232 614 1253 ,
638 1196 879 1243 tricesimo
898 1204 1151 1260 postquam
1172 1194 1219 1241 id
1239 1194 1472 1242 acciderat
1490 1194 1566 1242 die
1584 1194 1762 1259 Aquas-

336 1276 472 1341 grani
504 1275 636 1322 venit
655 1309 667 1330 ,
715 1290 1000 1338 summoque
1045 1273 1266 1321 omnium
1307 1274 1604 1320 Francorum
1640 1290 1762 1320 con-

338 1370 477 1400 sensu
505 1369 558 1398 ac
586 1351 749 1397 favore
781 1350 905 1415 patri
938 1350 1176 1397 successit.
1210 1351 1271 1397 Et
1304 1350 1361 1396 ad
1391 1351 1593 1414 suscepti
1629 1349 1762 1414 regni

339 1428 804 1477 administrationem
852 1444 964 1473 cura
1005 1444 1228 1474 conversa
1247 1463 1261 1484 ,
1303 1428 1465 1492 primo
1509 1427 1765 1492 legationes

340 1507 582 1574 gentium,
608 1523 717 1571 quae
739 1505 797 1551 ad
820 1516 1006 1569 patrem
1034 1515 1291 1563 venerant,
1324 1505 1503 1551 auditas
1533 1504 1760 1559 absolvit,

339 1586 450 1632 alias
470 1583 640 1632 deinde
661 1583 804 1629 simili
828 1582 974 1631 modo
994 1584 1051 1630 ad
1070 1594 1256 1648 patrem
1278 1582 1471 1648 quidem
1488 1584 1558 1646 (lg)
1575 1583 1735 1629 missas
1749 1621 1760 1640 ‚

342 1662 397 1708 ad
419 1679 465 1708 se
485 1677 600 1709 vero
617 1661 861 1707 venientes
879 1661 1100 1724 suscepit.
1124 1661 1256 1707 Inter
1274 1677 1388 1725 quas
1413 1660 1653 1724 praecipua
1672 1659 1765 1706 fuit

343 1740 516 1805 legatio
533 1738 590 1786 de
608 1738 1030 1803 Constantinopoli
1049 1737 1227 1785 directa
1248 1738 1338 1802 (5).
1359 1738 1482 1785 Nam
1500 1740 1595 1785 Leo
1613 1738 1767 1801 impe-

344 1829 478 1864 rator
518 1817 600 1882 qui
643 1816 861 1864 Michaeli
907 1826 1216 1874 successerat,
1259 1816 1453 1864 dimisso
1493 1815 1768 1863 Amalhario

343 1897 567 1961 episcopo
595 1907 642 1943 et
671 1896 815 1943 Petro
844 1895 1040 1952 abbate,
1070 1896 1150 1960 qui
1187 1895 1243 1942 ad
1269 1895 1548 1942 Michaelem
1574 1894 1767 1959 quidem

344 1974 504 2030 missi,
531 1972 587 2018 ad
613 1990 660 2019 se
688 1982 846 2019 tamen
869 1982 1136 2029 venerunt,
1172 1972 1348 2036 legatos
1378 1990 1513 2028 suos,
1548 1971 1768 2018 Christo-

346 2050 508 2097 forum
540 2049 834 2113 spatharium
859 2060 906 2096 et
935 2049 1224 2113 Gregorium
1254 2049 1529 2106 diaconem,
1565 2067 1674 2096 cum
1705 2049 1770 2096 eis

395 2286 447 2329 (ι)
472 2283 564 2318 Cod.
582 2281 674 2329 Reg‘
694 2282 810 2316 Paris.
825 2280 918 2328 5924
937 2297 943 2315 ς
966 2292 1075 2315 xt1111.

394 2354 445 2398 (2)
470 2352 541 2386 Hic
556 2351 690 2385 finiunt
707 2349 813 2385 codd.
834 2350 1012 2396 Amberg.
1031 2356 1068 2384 ct
1083 2348 1295 2384 Modenens.

396 2419 447 2466 (5)
472 2419 545 2454 All.
572 2417 804 2461 Teodadmn,
840 2417 1050 2458 Tcoadum;
1073 2418 1280 2452 Freherus:
1309 2415 1596 2455 leeoduczdum;
1620 2416 1768 2451 Nitenti--

352 2481 426 2514 rius
443 2490 564 2513 eomes
584 2494 588 2511 :
618 2476 874 2512 leecloadum.

397 2548 446 2592 (4)
473 2546 634 2580 Nuenar.
655 2556 793 2587 comcs,
813 2544 916 2590 cujus
935 2543 980 2578 ad
998 2543 1169 2578 lectiones
1190 2543 1233 2577 D.
1253 2542 1429 2589 Bouquet.
1451 2540 1579 2576 exinde
1599 2547 1768 2575 constan-

353 2615 407 2641 tci*
425 2605 595 2640 accedere
614 2604 715 2646 solet,
739 2605 799 2639 h'ic
818 2604 909 2649 legit
928 2620 934 2638 ·.
958 2603 1009 2638 ad
1025 2610 1166 2646 patrem
1185 2609 1270 2638 ante
1287 2601 1440 2649 quidem,

398 2673 448 2712 (5)
476 2673 542 2706 lid.
567 2675 675 2706 viis-«7
