1924 3183
371 164 448 201 328
896 160 1267 198 HLUDOWICUS.

370 248 575 313 ginharii
596 247 783 294 comitis
803 246 944 305 filius,
968 250 1098 311 cujus
1126 257 1370 295 maternus
1388 264 1498 294 avus
1520 248 1787 296 Hardradus

369 325 486 372 olim
507 325 556 371 in
584 324 866 381 Germania,
899 342 1010 370 cum
1037 324 1202 370 multis
1228 341 1284 371 ex
1310 341 1361 371 ea
1384 324 1630 389 provincia
1653 325 1789 374 nobi-

369 402 519 460 libus,
542 412 711 450 contra
728 402 961 449 Karolum
981 402 1317 466 imperatorem
1337 403 1618 466 conjuravit.
1638 403 1790 450 Erant

368 490 598 544 praeterea
621 490 669 526 et
691 479 768 526 alii
793 480 934 526 multi
959 479 1176 544 praeclari
1203 489 1251 527 et
1276 478 1462 527 nobiles
1484 480 1574 526 viri
1588 515 1602 537 ,
1631 480 1714 544 qui
1739 480 1789 526 in

368 557 535 604 eodem
564 556 736 604 scelere
766 557 1044 622 deprehensi
1083 567 1218 614 sunt,
1259 557 1386 604 inter
1414 573 1534 622 quos
1568 567 1615 604 et
1643 556 1789 624 aliqui

369 635 575 700 episcopi
595 671 608 692 ,
657 635 940 683 Anshelmus
988 634 1356 683 Mediolanensis
1370 671 1384 692 ,
1428 647 1475 683 et
1512 634 1791 683 Wolfoldus

369 714 728 771 Cremonensis,
761 724 807 762 et
830 714 1172 780 Theodulphus
1200 715 1549 762 Aurelianensis
1573 713 1722 762 fuere.

908 1248 1246 1297 DCCCXVIII.

434 1357 631 1403 Detecta
657 1356 846 1413 fraude,
874 1366 922 1403 et
952 1357 1282 1420 conjuratione
1306 1356 1561 1421 patefacta,
1592 1374 1644 1403 ac
1676 1355 1796 1403 sedi-

370 1434 502 1480 tiosis
525 1432 751 1481 omnibus
772 1433 822 1480 in
839 1444 1126 1498 potestatem
1147 1452 1278 1481 suam
1297 1435 1515 1492 redactis,
1537 1435 1796 1498 imperator

370 1511 664 1575 Aquasgrani
704 1512 988 1568 revertitur,
1032 1523 1364 1578 transactoque
1403 1511 1794 1578 quadragesimali

362 1590 572 1652 jejunio,
602 1589 760 1653 paucis
786 1600 896 1653 post
920 1600 1134 1636 sanctum
1156 1589 1330 1636 Pascha
1353 1588 1545 1648 diebus,
1573 1591 1797 1653 conjura-

372 1668 518 1715 tionis
550 1678 764 1725 autores,
797 1669 879 1733 qui
906 1668 1121 1733 superius
1145 1668 1381 1715 nominati
1408 1678 1538 1725 sunt,
1565 1677 1612 1715 et
1641 1668 1797 1714 Bern-

373 1744 576 1792 hardum
587 1745 606 1809 (
616 1746 661 1809 1)
676 1763 853 1810 regem,
862 1745 1044 1809 judicio
1058 1748 1353 1794 Francorum
1367 1745 1552 1811 capitali
1564 1756 1726 1793 senten
1734 1745 1799 1791 tia

373 1823 715 1871 condemnatos
728 1860 741 1881 ,
765 1824 1030 1870 luminibus
1049 1835 1237 1871 tantum
1254 1825 1395 1888 jussit
1413 1823 1599 1880 orbari,
1620 1823 1798 1887 episco-

372 1917 457 1963 pos
474 1899 691 1964 synodali
710 1900 903 1947 decreto
921 1900 1161 1965 depositos
1184 1900 1485 1947 monasteriis
1504 1899 1765 1963 mancipari
1780 1935 1794 1956 ,

373 1988 593 2034 caeterOS,
620 1989 767 2042 prout
791 1979 992 2043 quisque
1014 1978 1089 2026 vel
1114 1978 1368 2025 nocentior
1390 1977 1464 2023 vel
1490 1977 1798 2024 innocentior

374 2053 654 2118 apparebat,
681 2054 754 2101 vel
780 2055 923 2101 exilio
947 2055 1187 2118 deportari
1212 2054 1310 2118 (2),
1338 2054 1412 2101 vel
1436 2052 1630 2100 detondi
1657 2063 1798 2118 atque

377 2131 425 2176 in
462 2131 762 2178 monasteriis
799 2132 1088 2178 conversari.
1130 2131 1288 2196 Atque
1324 2130 1395 2177 his
1435 2131 1496 2176 ita
1529 2130 1795 2195 dispositis,

376 2209 474 2272 ipse
497 2225 606 2254 cum
635 2210 843 2257 maximo
872 2210 1083 2256 exercitu
1102 2210 1402 2256 Britanniam
1420 2226 1659 2274 aggressus
1675 2244 1689 2266 ,
1715 2227 1800 2273 ge—

376 2285 586 2333 neralem
622 2297 913 2334 conventum
947 2287 1151 2335 Venedis
1187 2286 1371 2334 habuit.
1411 2286 1526 2333 Inde
1556 2303 1798 2334 memora-

376 2375 469 2410 tam
496 2365 793 2428 provinciam
819 2365 1080 2429 ingressus,
1108 2366 1256 2429 captis
1287 2364 1539 2412 rebellium
1569 2363 1799 2410 munitio-

376 2441 541 2498 nibus,
579 2441 711 2489 brevi
744 2451 896 2490 totam
925 2444 974 2489 in
1010 2461 1141 2489 suam
1173 2452 1456 2507 potestatem
1489 2459 1588 2490 non
1624 2458 1798 2505 magno

428 2620 479 2660 (ι)
508 2617 588 2651 Vox
607 2616 869 2652 Bernhardum
888 2631 906 2651 a
926 2618 1071 2652 Pertzio
1089 2618 1287 2652 omittitur.

428 2678 476 2711 1³1.)
505 2675 544 2706 l).
569 2675 667 2721 Bonq
700 2688 780 2710 cuni
799 2678 945 2711 Nummi⁴
974 2678 1105 2712 comite
1154 2679 1261 2712 (ππ-ΝΜ
1280 2677 1466 2723 ΙνινιυννῚη.
