2043 3193
558 161 640 196 xviv
893 154 1208 195 TESTIMONIA
1237 152 1305 190 DE
1335 150 1618 190 EINHARDO.

615 247 634 268 «
650 229 828 282 Sequitur
842 229 930 267 huic
943 228 1124 281 opusculo
1142 243 1152 265 ε
1172 225 1253 278 Ego
1268 224 1422 263 strabus
1440 224 1580 276 tytulos
1593 231 1629 262 et
1645 224 1846 262 incisiones
1862 232 1972 276 prout

559 295 679 332 visum
708 302 764 331 est
784 307 992 346 congruum
1014 292 1170 337 inserui,
1196 297 1238 326 ut
1265 288 1310 327 ad
1333 289 1483 341 singula
1502 287 1664 326 faciliter
1681 289 1855 340 querenti
1879 289 1972 340 quid

557 357 739 409 placuerit
755 357 942 395 elucescat
958 368 1142 393 accessus.
1162 351 1266 391 Finit
1283 351 1471 404 prologus.
1492 369 1508 384 n

944 499 1006 531 lv.
1035 498 1098 530 EX
1122 496 1358 531 EPlS‘t‘OLA
1382 495 1585 531 ALCUINI

1026 581 1070 613 ad
1087 581 1256 614 Karolum
1275 581 1441 625 Magnum
1457 583 1514 623 (r).

612 694 773 731 Domino
799 692 965 744 piissimo
998 699 1034 728 et
1060 692 1368 742 praestantissimo
1399 691 1529 729 DAvm
1550 692 1654 743 regi,
1678 690 1844 729 FLACCUS
1871 692 1972 728 cari-

559 757 643 794 tatis
669 757 810 793 calamo
826 756 1042 793 vulneratus
1060 754 1269 791 salutem...
1281 783 1288 791 .
1308 754 1473 802 Quidam
1489 745 1639 791 Judaeus
1660 752 1783 790 Julius
1800 754 1970 800 nomine,

557 835 643 857 eum
666 820 773 857 Petro
792 819 970 870 magistro
990 818 1122 855 habuit
1142 817 1437 870 disputationem
1443 848 1525 858 .....
1544 817 1651 855 Idem
1668 817 1803 856 Petrus
1816 816 1886 854 fuit
1905 819 1970 869 qui

559 884 595 919 in
631 882 770 933 palatio
806 890 928 918 vestro
955 880 1242 932 grammaticam
1274 881 1414 920 docens
1449 881 1599 919 claruit.
1634 880 1776 918 Forsan
1810 879 1971 918 OMERus

557 954 678 983 vester
692 944 837 996 aliquid
854 944 991 981 exinde
1007 943 1153 981 audivit
1167 959 1186 981 a
1208 945 1387 997 magistro
1407 944 1600 996 praedicto.
1622 943 1710 981 Misi
1727 943 1969 982 Excellentiae

555 1017 683 1046 vestrae
706 1006 887 1058 quasdam
903 1007 1047 1058 species
1068 1007 1276 1045 dictionum
1297 1011 1367 1057 (2),
1389 1007 1574 1058 exemplis
1590 1007 1650 1044 vel
1664 1007 1831 1044 versibus
1851 1021 1972 1045 vene-

556 1071 663 1108 randi
687 1070 804 1107 Patris
820 1070 876 1119 (3)
897 1069 1135 1108 confirmatas
1151 1099 1160 1117 ,
1192 1079 1228 1108 et
1256 1071 1401 1122 aliquas
1420 1071 1559 1123 figuras
1579 1070 1822 1108 arithmeticae
1844 1070 1970 1108 subti-

552 1135 665 1172 litatis
683 1137 753 1181 (4),
776 1133 909 1170 laetitioe
928 1148 1057 1179 causa,
1076 1134 1115 1170 in
1135 1133 1294 1181 cartula,
1315 1149 1429 1186 quam
1446 1134 1554 1171 nobis
1571 1148 1729 1171 vacuam
1750 1133 1940 1171 direxistis
1956 1149 1964 1178 ;

552 1205 594 1233 ut
612 1197 744 1233 vestita
764 1196 965 1242 reveniret,
983 1210 1066 1248 quae
1079 1196 1181 1234 nuda
1197 1205 1326 1235 nostro
1343 1211 1382 1234 se
1397 1196 1575 1234 offerebat
1600 1198 1779 1248 aspectui.
1798 1196 1967 1248 Dignum

552 1260 756 1305 aestimans,
779 1268 821 1296 ut
847 1260 984 1297 nostris
1006 1259 1256 1297 honoraretur
1275 1260 1410 1307 literis,
1435 1274 1517 1311 quae
1537 1268 1660 1296 vestro
1682 1259 1805 1310 sigillo
1825 1259 1875 1296 ad
1899 1274 1968 1296 nos

551 1323 748 1360 nobilitata
760 1324 945 1374 pervenit.
966 1323 1016 1361 Et
1031 1325 1060 1361 si
1077 1323 1203 1362 minus
1219 1323 1314 1376 quid
1329 1323 1589 1375 exemplorum
1606 1322 1768 1360 debeant
1782 1322 1968 1374 praedictae

551 1386 718 1437 species,
742 1386 962 1434 Bentian,
991 1396 1114 1426 vester
1148 1389 1264 1425 immo
1285 1396 1321 1425 et
1343 1396 1471 1425 noster
1498 1386 1696 1425 familiaris
1726 1387 1893 1436 adjutor,
1921 1387 1967 1424 de

523 1466 529 1472 ‘
548 1450 715 1500 paternis
732 1451 900 1488 versibus
919 1465 1112 1503 apponere
1130 1453 1288 1502 poterit;
1309 1466 1458 1489 necnon
1475 1459 1512 1488 et
1529 1451 1731 1503 figurarum
1749 1450 1912 1487 rationes
1927 1450 1965 1487 in

548 1511 677 1549 libello
698 1513 941 1550 arithmeticae
973 1514 1182 1565 disciplinae
1213 1515 1452 1552 considerare
1473 1514 1587 1552 valet.
1618 1514 1849 1550 Punetorum
1877 1527 1966 1551 vero

547 1575 808 1613 distinctiones
833 1577 892 1614 vel
915 1577 1248 1614 subdistinctiones
1266 1607 1275 1623 ‚
1301 1577 1389 1614 licet
1412 1585 1587 1614 ornatum
1615 1575 1756 1613 faciant
1785 1575 1967 1627 pulcher-

548 1639 685 1676 rimum
706 1640 746 1676 in
766 1641 962 1678 sententiis
975 1670 984 1687 ‚
1007 1649 1133 1678 tamen
1155 1655 1243 1678 usus
1263 1641 1415 1678 illorum
1434 1649 1587 1692 propter
1603 1640 1848 1677 rusticitatem
1865 1653 1964 1690 pene

546 1703 697 1739 recessit
717 1717 736 1740 a
758 1703 1014 1755 scriptoribus.
1035 1703 1108 1741 Sed
1129 1705 1224 1741 sicut
1244 1705 1357 1741 totius
1377 1704 1568 1755 sapientiae
1588 1702 1701 1741 decus
1728 1712 1763 1741 et
1790 1703 1963 1741 salutaris

546 1764 769 1803 eruditionis
814 1775 967 1804 ornatus
981 1795 990 1813 ‚
1026 1781 1093 1818 per
1123 1775 1252 1805 vestrae
1285 1767 1489 1805 nobilitatis
1525 1766 1749 1804 industriam
1789 1768 1962 1804 renovari

546 1829 701 1880 incipit3
726 1830 777 1867 ita
798 1839 834 1867 et
854 1830 988 1868 horum
1009 1845 1097 1868 usus
1118 1832 1155 1867 in
1184 1831 1357 1868 manibus
1381 1831 1626 1868 scribentium
1648 1831 1963 1883 redintegrandus

545 1906 623 1929 esse
643 1894 784 1944 optime
805 1893 970 1932 videtur.
993 1893 1074 1946 Ego
1091 1896 1233 1946 itaque,
1252 1895 1339 1932 licet
1354 1909 1488 1946 parum
1506 1895 1723 1946 proficiens,
1738 1909 1823 1931 cum
1839 1894 1963 1931 Turo-

546 1956 630 1993 nica
657 1957 826 2008 quotidie
850 1972 979 2010 pugno
1006 1959 1229 1997 rusticitate.
1264 1959 1399 1996 Vestra
1431 1973 1519 1996 vero
1551 1959 1752 1995 auctoritas
1776 1957 1961 2009 palatinos

545 2019 692 2057 erudiat
714 2035 869 2071 puerOS,
891 2030 933 2058 ut
950 2022 1229 2073 elegantissime
1252 2021 1468 2073 proferant,
1491 2020 1679 2073 quidquid
1699 2021 1810 2058 vestri
1831 2033 1961 2057 sensus

546 2081 775 2120 lucidissima
795 2083 991 2121 dictaverit
1009 2085 1225 2136 eloquentia
1239 2115 1249 2134 ‚
1276 2093 1316 2122 ut
1334 2085 1474 2136 ubique
1494 2084 1630 2136 regalis
1646 2084 1812 2122 nominis
1832 2082 1958 2120 charta

544 2144 745 2184 decurrens
759 2177 770 2196 ,
793 2148 926 2199 regalis
946 2149 1139 2199 sapientiae
1157 2148 1392 2185 nobilitatem
1409 2147 1597 2185 ostendat.

586 2332 632 2372 (ι)
652 2332 761 2374 Epist.
781 2345 901 2366 cxxxv.
919 2337 1131 2378 Alcuinioper·.
1153 2337 1274 2375 tom.I‚
1292 2347 1368 2379 pag.
1391 2336 1543 2368 125-126.
1561 2330 1646 2366 Edit.
1665 2333 1707 2365 de
1726 2334 1892 2376 Foppens.

583 2385 630 2424 (α)
644 2384 672 2416 ΙΙ
690 2384 788 2427 s’agit
801 2386 1067 2427 probablement
1083 2388 1129 2419 du
1147 2388 1251 2420 traitc‘
1267 2387 1536 2431 d’orthograplie
1555 2387 1713 2428 compose'
1728 2398 1790 2428 par
1810 2386 1954 2426 Alcuin,

541 2441 573 2466 et
591 2435 752 2477 imprime
773 2449 849 2468 sous
865 2449 903 2469 ce
917 2438 998 2470 titre
1015 2452 1020 2469 :
1042 2441 1221 2480 opuseulum
1236 2441 1274 2469 de
1290 2440 1517 2481 Orthograplzia‚
1535 2444 1619 2469 tom.
1641 2437 1684 2476 ll,
1704 2448 1777 2480 pag.
1798 2438 1855 2469 301
1873 2437 1955 2469 dans

541 2485 650 2518 l’e'dit.
671 2487 713 2518 dc
728 2488 896 2530 FoppenS.

583 2538 628 2577 (3)
645 2537 694 2570 Le
712 2539 894 2572 ve'ne'rable
914 2540 1015 2572 Bede.

583 2588 629 2628 (4)
645 2588 813 2622 C’e'taient
838 2602 913 2622 sans
940 2591 1045 2624 doute
1071 2592 1129 2624 des
1154 2593 1348 2634 problemes
1373 2591 1514 2624 extraits
1537 2591 1585 2623 du
1598 2591 1718 2623 'fraite
1732 2594 1779 2621 De
1795 2592 1952 2622 Arithme-

540 2641 603 2667 sicis
614 2642 830 2671 subtilitatibus
843 2644 885 2671 ad
895 2645 1045 2674 acuendos
1056 2644 1194 2684 juvenes,
1219 2644 1337 2686 public}
1356 2655 1417 2685 par
1432 2643 1599 2686 Foppens‚
1616 2649 1699 2675 tom·
1722 2644 1765 2682 Il,
1789 2654 1865 2686 Pag-
1889 2642 1946 2685 44¹

539 2690 624 2721 ‹laus
639 2690 746 2723 l'ddit.
765 2693 926 2735 precitde.
