1924 3183
382 218 461 254 28⁶2
972 213 1218 251 RAROLUS.

383 303 543 358 fieret,
572 303 619 348 in
646 319 743 366 quo
767 320 840 348 res
876 302 1077 348 invicem
1102 312 1243 364 gestae
1268 299 1474 363 proferri
1503 311 1548 346 et
1580 300 1804 346 emenda-

383 379 513 425 tione
550 377 689 443 digna
732 379 857 425 inter
898 389 1053 442 partes
1095 376 1364 423 enumerari
1404 376 1478 439 (1)
1518 376 1800 439 potuissent.

382 455 491 501 Non
517 453 686 502 abnuit
715 455 1004 519 imperat0r3
1037 452 1430 517 colloquiumque
1456 461 1586 496 trans
1615 450 1805 496 Albiam

385 531 600 579 habitum
627 551 737 579 cum
757 531 1050 597 primoribus
1076 531 1322 576 Danorum
1335 564 1349 586 ‚
1379 528 1427 574 in
1453 528 1561 575 loco
1583 528 1664 593 qui
1687 527 1808 574 dici-

384 620 463 656 tur
496 610 764 657 Badenfliot
796 612 892 674 (2),
930 609 1186 672 multisque
1222 606 1334 653 hinc
1375 617 1423 653 et
1460 605 1568 653 inde
1610 605 1808 670 prolatis

381 698 523 753 atque
542 689 829 735 enumeratis
855 687 997 734 rebus
1014 723 1027 744 ,
1055 685 1248 750 negotio
1271 684 1460 748 penitus
1485 684 1662 730 infecto
1677 719 1691 741 ‚
1711 683 1807 729 dis-

383 782 560 811 cessum
593 775 677 811 est.
707 763 918 810 Thrasco
953 780 1095 818 vero,
1133 761 1227 808 dux
1261 759 1638 816 Aban-iturum,
1677 769 1807 823 post-

381 860 523 906 quam
568 841 721 887 filium
772 858 910 887 suum
964 839 1225 904 postulanti
1271 837 1539 885 Godofrido
1591 836 1805 884 obsidem

380 919 598 975 dederat,
622 919 816 966 collecta
837 917 1144 983 popularium
1164 934 1309 963 manu
1324 952 1335 973 ‚
1361 927 1408 963 et
1426 916 1603 962 auxilio
1623 933 1647 961 a
1664 916 1807 962 Saxo-

383 995 523 1042 nibus
553 1007 772 1061 accepto,
803 997 984 1043 vicinos
1018 1012 1127 1041 suos
1145 995 1353 1041 Wiltzos
1383 1012 1647 1058 aggressm,
1674 1009 1810 1057 agros

384 1091 550 1120 eorum
581 1073 712 1121 ferro
741 1085 787 1121 et
819 1074 928 1138 igne
953 1082 1101 1118 vastat
1124 1073 1223 1135 (ὃ),
1259 1088 1585 1134 regressusque
1610 1070 1810 1117 domum

383 1169 491 1198 cum
518 1152 698 1216 ingenti
723 1151 905 1216 praeda,
935 1161 1128 1214 accepto
1156 1150 1331 1196 iterum
1354 1167 1377 1194 a
1401 1148 1668 1196 Saxonibus
1693 1148 1812 1193 vali-

382 1228 505 1276 diori
530 1230 734 1286 auxilio,
763 1228 1151 1293 Smeldingorum
1175 1228 1427 1274 maximam
1456 1228 1696 1273 civitatem
1729 1244 1807 1273 ex-

385 1318 564 1371 pugnat
580 1343 593 1363 ‚
628 1318 770 1373 atque
800 1306 871 1353 his
903 1305 1191 1353 successibus
1214 1323 1380 1353 omnes
1405 1306 1487 1370 qui
1511 1305 1570 1351 ab
1595 1322 1652 1352 eo
1675 1304 1811 1352 defe-

384 1396 572 1442 cerant,
617 1386 673 1432 ad
715 1403 843 1431 suam
891 1385 1166 1432 societatem
1200 1384 1374 1430 reverti
1416 1385 1587 1448 coegit.
1629 1384 1710 1429 His
1748 1383 1810 1428 ita

384 1465 548 1527 gestis,
574 1465 834 1529 imperator
851 1464 909 1511 de
931 1463 1190 1510 Arduenna
1209 1462 1366 1527 Aquas
1390 1480 1627 1517 reversus,
1650 1479 1811 1508 mense

387 1541 671 1589 novembrio
689 1543 955 1589 ‘concilium
981 1540 1148 1587 habuit
1174 1540 1231 1587 de
1264 1540 1568 1604 processione
1604 1539 1809 1603 Spiritus

385 1619 544 1665 Sancti
570 1655 582 1675 ,
618 1637 764 1684 quam
792 1619 1110 1684 quaestionem
1142 1617 1383 1664 Johannes
1416 1617 1609 1681 quidam
1643 1633 1811 1663 mona—

386 1695 501 1742 chus
521 1697 867 1762 HIerosolymis
882 1697 1042 1760 primo
1062 1695 1350 1750 commovit;
1375 1695 1504 1756 cujus
1527 1692 1810 1740 definiendae

387 1792 518 1821 causa
544 1774 832 1822 Bernharius
858 1774 929 1838 (4)
958 1774 1204 1837 episcopus
1222 1772 1579 1819 Wormacensis
1604 1782 1652 1818 et
1672 1770 1811 1817 Adal-

386 1851 558 1899 hardus
587 1854 658 1916 (5)
683 1851 825 1899 abbas
849 1851 1125 1899 monasterii
1151 1850 1367 1899 Corbeiae
1391 1851 1590 1896 Romam
1613 1848 1669 1894 ad
1694 1850 1810 1894 Leo-

388 1946 497 1975 nem
518 1948 687 1995 papam
713 1929 840 1975 missi
866 1939 995 1975 sunt.
1019 1927 1266 1993 Agitatum
1296 1937 1364 1973 est
1394 1926 1535 1972 etiam
1569 1926 1616 1971 in
1643 1924 1808 1972 eodem

388 2008 594 2054 concilio
621 2007 678 2054 de
707 2017 832 2053 statu
853 2006 1156 2054 ecclesiarum
1181 2015 1227 2051 et
1257 2004 1617 2050 conversatione
1641 2019 1808 2049 eorum

387 2085 468 2148 qui
489 2085 614 2131 ineis
630 2085 731 2131 Deo
747 2085 923 2131 servire
943 2083 1188 2139 dicuntur,
1215 2100 1302 2128 uec
1322 2080 1499 2146 aliquid
1519 2091 1675 2128 tamen
1696 2080 1809 2126 defi-

390 2162 546 2206 nitum
561 2172 628 2208 est
644 2172 844 2225 propter
857 2178 1039 2216 rerum,
1057 2171 1109 2205 ut
1123 2158 1390 2215 videbatur,
1409 2158 1804 2223 magnitudinem.

435 2343 484 2386 (x)
510 2341 660 2375 Freher.
683 2339 884 2374 emendari.
903 2340 958 2373 Ita
977 2338 1108 2373 Annal.
1129 2338 1268 2371 Bertin.
1290 2343 1327 2371 et
1344 2348 1439 2369 unus
1458 2348 1477 2369 e
1501 2334 1609 2369 codd.
1628 2335 1783 2368 Lauriss.

435 2401 485 2445 (¹2)
511 2400 565 2433 lta
583 2399 674 2445 legit
693 2399 797 2432 Pertz
816 2410 899 2432 cum
912 2396 1095 2444 plerisque
1109 2395 1215 2430 codd.
1233 2415 1274 2420 —-
1287 2394 1376 2430 Cod.
1394 2393 1609 2429 Vindobon.
1629 2406 1639 2426 1
1652 2405 1690 2426 10
1706 2408 1713 2426 :
1730 2393 1806 2427 Ba-

389 2457 577 2503 delqsliolle.
604 2457 779 2501 Amberg.
805 2456 1018 2501 Batelglliot.
1044 2455 1204 2488 Nuenar.
1231 2464 1350 2487 comes
1377 2468 1381 2485 :
1407 2451 1624 2498 Badetgfliet.
1648 2471 1687 2476 —-
1707 2452 1802 2485 Ann.

390 2516 532 2558 Loisel,
554 2516 588 2550 S.
610 2515 749 2549 Bertini
770 2522 807 2549 et
828 2514 1030 2561 Engolism.
1050 2514 1183 2548 [Ποίας.

436 2573 484 2619 (5)
510 2574 628 2609 Codd.
653 2575 873 2609 Han11ov.et
900 2572 1134 2607 Vindobonn.
1159 2583 1220 2604 110
1238 2577 1274 2604 et
1287 2581 1378 2616 990:
1406 2571 1573 2602 vastavit.

436 2635 484 2676 (4)
512 2633 581 2667 ΑΗ.
606 2633 822 2670 Bernarius.
848 2631 1085 2670 Bernardus,
1110 2630 1354 2664 Bernlzartus.

437 2692 485 2737 ἦῆ)
523 2693 582 2725 xll.
608 2693 841 2728 Adalrmlm,
865 2692 1124 2726 Adollam-dm.
1148 2689 1376 2725 Malum-dus.
