1924 3183
364 168 442 206 346
883 167 1258 207 HLUDOWICUS.

362 253 615 300 dimidium
633 255 974 303 exercitatione
992 255 1237 301 venatoria
1257 254 1305 300 in
1323 255 1493 319 Vosegi
1513 256 1634 301 saltu
1649 267 1792 321 atque

362 333 554 380 secretis
582 333 752 399 exegit.

428 413 614 459 Interea
639 413 797 460 Borna
810 449 824 470 ,
853 412 950 460 dux
974 412 1222 459 Dalmatiae
1244 421 1386 476 atque
1410 411 1658 458 Liburniae
1673 448 1687 469 ‚
1713 413 1791 460 de-

360 487 557 535 functus
571 499 658 546 est,
677 501 723 536 et
736 500 926 554 petente
945 488 1128 554 populo
1144 498 1285 554 atque
1299 489 1475 553 impera
1483 499 1587 535 tore
1603 505 1794 535 consen-

363 566 540 622 tiente,
564 584 713 631 nepos
733 566 877 625 illius,
900 566 1097 614 nomine
1121 565 1428 612 Ladasclavus
1443 567 1529 629 (ι),
1553 583 1795 614 successor

363 643 404 690 ei
445 645 734 691 constitutus
770 655 857 691 est.
898 644 1112 691 Allatum
1147 655 1217 691 est
1251 654 1298 691 et
1332 643 1391 691 de
1426 654 1584 691 morte
1621 644 1794 690 Leonis

363 722 886 787 Constantinopolitani
917 723 1220 786 imperatoris
1239 758 1252 780 ‚
1281 720 1413 787 quod
1439 722 1794 785 conspiratione

363 801 684 865 quorumdam
716 802 1006 865 optimatum
1049 818 1249 848 suorum
1267 837 1281 857 ,
1318 811 1366 846 et
1408 801 1650 864 praecipue
1697 801 1793 847 Mi-

365 876 537 923 chaelis
572 878 759 924 comitis
792 878 1166 924 domesticorum
1191 878 1293 941 (2),
1323 878 1373 923 in
1399 878 1501 942 ipso
1526 878 1702 941 palatio
1733 878 1794 923 sit

364 954 680 1018 interemptus
702 974 716 1012 3
762 955 846 1020 qui
889 954 1113 1019 suffingio
1155 954 1331 1001 civium
1377 965 1425 1001 et
1465 954 1795 1019 praetoriano-

364 1049 474 1076 rum
494 1031 706 1077 militum
730 1031 887 1077 studio
914 1031 1088 1077 infulas
1113 1031 1302 1094 imperii
1329 1031 1583 1094 suscepisse
1600 1029 1795 1077 diceba-

363 1120 460 1155 tur.
483 1110 776 1156 Fortunatus
799 1108 1068 1174 patriarcha
1095 1108 1374 1164 Gradensis,
1401 1125 1510 1154 cum
1535 1126 1558 1153 a
1582 1108 1792 1173 quodam

361 1185 648 1251 presbytero
674 1204 760 1234 suo
776 1223 789 1244 ,
817 1189 1016 1233 nomine
1042 1186 1240 1233 Tiberio
1256 1221 1269 1243 ‚
1303 1186 1428 1250 apud
1454 1186 1794 1250 imperatorem

361 1262 528 1311 fuisset
542 1276 802 1322 accusatus,
826 1266 956 1329 quod
978 1264 1302 1312 Liudewilum
1321 1263 1379 1308 ad
1397 1262 1796 1328 perseverandum

364 1340 413 1385 in
436 1341 632 1404 perfidia
653 1359 746 1406 qua
764 1352 978 1406 coeperat
994 1340 1288 1398 hortaretur,
1311 1357 1515 1404 eumque
1534 1339 1592 1386 ad
1609 1339 1796 1386 castella

362 1435 442 1463 sua
464 1418 742 1476 munienda,
764 1419 969 1466 artifices
988 1430 1035 1466 et
1053 1419 1290 1466 murarios
1310 1417 1569 1475 mittendo,
1586 1420 1794 1482 juvaret,

362 1506 410 1542 et
434 1494 498 1542 ob
523 1495 615 1543 hoc
639 1497 696 1543 ad
720 1497 951 1561 palatium
976 1498 1043 1544 ire
1061 1496 1338 1561 juberetur3
1364 1496 1524 1561 primo
1543 1496 1676 1542 velut
1692 1498 1798 1560 jus-

364 1573 547 1621 sionem
570 1575 874 1639 impleturus‚
902 1576 951 1622 in
969 1575 1197 1622 Histriam
1216 1574 1460 1639 profectus
1480 1584 1575 1631 est,
1600 1574 1710 1620 inde
1733 1574 1799 1620 si-

363 1652 546 1699 mulato
579 1653 738 1700 reditu
764 1654 821 1700 ad
845 1654 1059 1700 Gradum
1091 1654 1357 1711 civitatem,
1396 1653 1532 1700 nullo
1568 1670 1792 1709 suorum,

362 1741 541 1793 praeter
565 1749 644 1779 eos
677 1749 785 1777 cum
820 1731 996 1797 quibus
1023 1731 1114 1778 hoc
1149 1741 1460 1789 tractaverat,
1503 1731 1792 1794 suspicante,

363 1819 529 1854 nactus
563 1810 863 1857 occasionem
898 1810 1018 1856 clam
1047 1811 1313 1875 navigavit,
1336 1810 1626 1874 veniensque
1651 1810 1795 1856 Jade-

362 1905 466 1933 ram
486 1888 734 1934 Dalmatiae
756 1890 1015 1946 civitatem,
1043 1888 1249 1936 Johanni
1274 1888 1504 1952 praefecto
1530 1889 1792 1952 provinciae

364 1964 490 2010 illius
515 1965 641 2029 fugae
677 1983 773 2012 suae
805 1984 961 2012 causas
997 1967 1214 2030 aperuit,
1242 1967 1325 2030 qui
1363 1983 1472 2012 eum
1498 1967 1658 2012 statim
1684 1967 1792 2012 navi

364 2043 645 2106 impositum
696 2043 1172 2107 Constantinopolim
1222 2044 1368 2089 misit.
1425 2043 1586 2090 Medio
1634 2062 1794 2090 mense

365 2119 588 2166 octobrio
628 2131 892 2167 conventus
925 2121 1157 2186 generalis
1192 2121 1317 2184 apud
1349 2120 1793 2167 Theodonisvillam

363 2216 531 2263 magna
570 2200 734 2263 populi
774 2201 1072 2246 Francorum
1107 2200 1378 2264 frequentia
1420 2199 1702 2256 celebratur,
1743 2201 1791 2246 in

363 2296 461 2342 quo
503 2278 709 2324 domnus
752 2279 1055 2337 Hlotharius‚
1101 2280 1450 2344 primogenitus
1494 2281 1792 2343 imperatoris

410 2442 460 2485 (1)
486 2441 578 2475 Cod.
609 2441 823 2477 Yindobon.
857 2454 921 2476 110
950 2457 955 2475 :
986 2441 1252 2476 Ladosclavus.
1281 2461 1328 2467 —-
1352 2441 1564 2475 Ladasclao
1591 2439 1688 2486 apud
1716 2439 1789 2474 duo

363 2500 506 2535 codices
525 2503 785 2537 Laurissenses.
807 2523 853 2528 -—-
870 2502 981 2547 Quod
1001 2502 1152 2550 quidem
1171 2514 1305 2537 nomen
1324 2501 1422 2548 apud
1439 2513 1505 2536 nos
1524 2500 1636 2534 hodie
1656 2508 1760 2534 sonat
1778 2517 1783 2534 :

364 2559 519 2594 Laklisla
528 2574 552 2595 v„

412 2620 461 2664 (Ἰ)
488 2620 531 2653 D-
549 2621 717 2668 {imminet
732 2634 815 2656 cuni
831 2621 1017 2657 Nucnario
1036 2623 1168 2657 comite
1186 2638 1190 2655 z
1210 2621 1489 2657 (Zonzcslicorum
1503 2619 1646 2654 ins-itl'c'c's
1661 2621 1694 2653 in
1710 2621 1787 2661 ipsv-

365 2680 514 2718 ρεῖῖαίίω,
