1924 3183
380 213 459 251 :340
899 211 931 247 H
941 209 1271 247 LUDOWICUS.

380 316 503 344 unus
527 297 720 361 Alpium
745 297 947 342 transitu
963 332 974 352 ,
1001 295 1209 342 hostium
1235 312 1380 341 manu
1402 295 1664 353 resistente,
1689 315 1799 361 pro*

382 375 661 429 hibebatur,
699 374 818 420 alter
842 385 888 421 et
912 372 1211 438 longitudine
1241 373 1424 419 itineris
1454 383 1501 420 et
1533 373 1689 420 Dravo
1712 374 1797 421 flu—

381 454 510 499 mine
541 451 671 517 quod
699 452 1014 498 traiciendum
1049 461 1173 506 erat,
1212 450 1584 514 impediebatur3
1617 451 1798 498 medius

379 541 562 588 autem,
601 531 682 594 qui
717 547 801 593 per
831 530 1124 575 Carantanos
1155 528 1390 585 intrabat,
1424 547 1712 594 quamquam
1748 530 1797 576 in

384 608 536 654 tribus
556 608 670 654 locis
696 608 735 654 ei
760 608 1076 664 resisteretur,
1104 606 1318 654 feliciore
1343 625 1451 652 usus
1479 607 1700 664 fortuna,
1727 618 1800 654 ter

384 685 516 732 hoste
543 695 788 748 superato,
825 686 980 731 Dravo
1008 684 1150 729 etiam
1185 684 1485 740 transmisso,
1518 683 1714 730 celerius
1743 684 1800 730 ad

381 764 610 811 destinata
639 762 741 809 loca
769 762 1004 825 pervenit.
1030 762 1208 808 Contra
1236 761 1336 808 haec
1359 761 1651 810 Liudewitus
1678 762 1800 808 nihil

382 840 603 897 molitus,
639 839 911 885 munitione
944 848 1133 884 tantum
1167 839 1373 896 castelli,
1407 839 1537 904 quod
1569 839 1619 884 in
1652 839 1802 886 arduo

380 928 546 965 monte
566 927 921 973 construxerat,
944 934 990 963 se
1009 904 1212 981 suosque
1231 917 1499 974 continuit,
1521 929 1568 964 et
1583 935 1670 964 nec
1689 917 1801 964 belli

381 1014 467 1043 nec
491 995 643 1059 pacis,
670 994 743 1041 vel
766 1012 850 1057 per
874 995 1177 1057 semetipsum
1204 995 1277 1040 vel
1302 1011 1387 1058 per
1417 995 1618 1059 legatos,
1648 995 1804 1041 ullum

381 1090 490 1117 cum
511 1072 574 1118 eis
588 1071 662 1134 (1)
682 1087 950 1117 sermonem
976 1070 1190 1116 habuisse
1208 1070 1400 1116 dicitur.
1422 1071 1671 1118 Exercitus
1690 1088 1804 1118 vero

380 1159 631 1214 postquam
668 1149 715 1194 in
749 1165 900 1194 unum
933 1158 1289 1206 convenerunt,
1320 1159 1469 1194 totam
1492 1166 1613 1213 pene
1643 1150 1805 1213 regio-

382 1246 492 1276 nem
509 1228 638 1274 ferro
657 1237 704 1274 et
723 1227 831 1291 igne
850 1236 1083 1273 vastantes
1102 1226 1196 1290 (2),
1219 1226 1342 1273 haud
1362 1226 1461 1273 ullo
1479 1228 1609 1291 gravi
1629 1227 1804 1275 damno

381 1316 574 1368 accepto
589 1340 603 1363 ,
629 1303 828 1351 domum
847 1304 1022 1350 reversi
1048 1315 1177 1349 sunt.
1204 1305 1246 1349 Is
1269 1314 1425 1350 tamen
1443 1339 1455 1360 ,
1479 1304 1560 1368 qui
1584 1322 1670 1368 per
1686 1305 1804 1351 Pan-

378 1382 575 1429 noniam
599 1380 893 1444 superiorem
913 1381 1003 1426 iter
1022 1378 1222 1437 fecerat,
1247 1381 1295 1427 in
1317 1380 1521 1426 transitu
1540 1381 1685 1426 Dravi
1708 1380 1804 1427 ssu—

380 1459 522 1505 minis
546 1477 602 1505 ex
620 1458 838 1505 locorum
859 1468 906 1504 et
924 1475 1154 1523 aquarum
1171 1456 1500 1505 insalubritate
1519 1458 1662 1505 soluti
1688 1475 1805 1505 ven-

382 1538 467 1583 tris
494 1536 803 1584 incommodo
826 1537 1033 1601 graviter
1059 1537 1251 1583 affectus
1276 1547 1344 1583 est
1376 1546 1423 1583 et
1448 1555 1555 1600 pars
1581 1538 1677 1600 ers
1702 1554 1804 1584 non

381 1616 565 1663 modica
585 1614 675 1662 hoc
700 1614 875 1662 morbo
897 1625 1177 1679 consumpta
1199 1625 1283 1661 est.
1305 1615 1363 1660 Hi
1383 1625 1477 1662 tres
1497 1613 1730 1662 exercitus
1748 1614 1805 1662 de

382 1693 584 1740 Saxonia
610 1705 656 1740 et
679 1692 901 1739 orientali
925 1692 1122 1738 Francia
1151 1703 1197 1739 et
1220 1691 1501 1739 Alamannia
1523 1693 1611 1756 (5),
1637 1692 1805 1756 Bajoa—

381 1772 449 1817 ria
474 1789 667 1836 quoque
696 1782 838 1836 atque
869 1771 1001 1817 Italia
1035 1771 1311 1836 congregati
1338 1781 1466 1817 sunt.
1497 1770 1683 1831 Quibus
1714 1769 1807 1817 do-

382 1867 516 1896 mum
539 1850 737 1897 reversis
752 1886 764 1905 ,
790 1849 1116 1897 Cal-uiolenses
1130 1887 1143 1908 ,
1172 1851 1255 1914 qui
1280 1849 1401 1895 circa
1424 1850 1596 1895 Savum
1620 1850 1692 1913 (4)
1718 1848 1807 1895 ssu-

384 1928 516 1972 vium
541 1925 759 1973 habitant
784 1938 831 1973 et
852 1926 1260 1991 Forojuliensibus
1279 1944 1400 1990 pene
1425 1926 1638 1991 contigui
1665 1936 1803 1983 sunt,

384 2003 601 2050 Baldrico
626 2021 672 2050 se
695 2003 1009 2058 dediderunt3
1043 2003 1166 2050 idem
1190 2013 1237 2051 et
1264 2022 1371 2067 pars
1400 1998 1806 2059 Cal'anfanorum,

384 2099 492 2145 quae
515 2081 572 2127 acl
596 2081 848 2130 Liudewiti
873 2093 1029 2146 partes
1052 2100 1076 2127 a
1103 2082 1244 2128 nobis
1269 2080 1529 2138 defecerat,
1557 2081 1710 2128 facere
1729 2098 1807 2126 cu-

385 2156 523 2206 ravit.
545 2159 739 2216 Foedus,
761 2159 886 2206 inter
906 2177 992 2207 nos
1017 2169 1065 2206 et
1087 2158 1269 2205 Ahulaz
1294 2177 1447 2223 regem
1474 2158 1712 2222 Hispaniae
1739 2158 1810 2222 (5)

387 2237 704 2284 constitutum
745 2247 792 2283 et
823 2238 981 2284 neutri
1025 2238 1148 2300 parti
1192 2237 1300 2283 satis
1344 2236 1612 2300 proficuum
1635 2273 1648 2293 ,
1689 2254 1810 2284 con—

433 2415 485 2457 (1)
513 2413 632 2449 Voces
651 2426 733 2447 cum
752 2415 803 2447 eis
822 2426 841 2447 a
860 2413 1022 2448 Nuenar.
1040 2414 1174 2449 comite
1194 2414 1430 2448 omittuntur.

433 2476 486 2517 (2)
511 2473 619 2507 Pertz
641 2490 647 2508 ι
669 2473 920 2508 devastantes.

434 2530 483 2577 (5)
510 2531 602 2565 Cod.
625 2531 840 2567 vindobon.
859 2531 928 2574 654
950 2549 955 2566 z
980 2533 1212 2567 Alimanm'a.

433 2591 482 2634 (4)
509 2591 716 2625 Νιιριηινίιιε
736 2604 876 2635 comes,
898 2604 982 2626 cum
1002 2592 1082 2627 cod.
1105 2592 1314 2627 Trevirensi
1338 2607 1344 2625 z
1372 2591 1807 2635 Carcasm'umfluvium,

388 2649 446 2683 scd
468 2663 658 2696 perperam
676 2651 874 2687 evidenter.

433 2706 482 2752 (5)
508 2709 550 2741 Ῑζ).
570 2709 681 2756 Bouq.
701 2723 784 2744 cum
806 2711 926 2746 Kuen.
946 2712 1078 2747 comite
1096 2728 1100 2745 z
1126 2724 1247 2758 regem
1267 2711 1532 2745 Saracenorum
