1924 3183
443 166 522 201 ‘220
1024 163 1274 201 RAROLUS.

441 250 497 294 ad
523 249 760 295 civitatem
790 267 919 295 suam
936 267 1146 297 reversus
1170 261 1255 296 est.
1283 250 1407 314 Rege
1431 267 1543 297 vero
1569 250 1744 298 ibidem
1772 270 1852 298 aes-

444 337 587 373 tatem
608 338 798 390 agente,
828 327 946 374 facta
982 339 1050 374 est
1073 337 1239 373 contra
1267 327 1401 373 illum
1420 328 1684 392 conjuratio
1708 345 1730 374 a
1751 328 1850 375 filio

443 421 527 450 suo
553 406 756 467 majore,
785 407 981 452 nomine
1003 405 1230 468 Pippino‚
1255 414 1301 450 et
1328 403 1610 468 quibusdam
1634 405 1847 462 Francis,

443 481 524 544 qui
557 498 602 526 se
628 479 953 528 crudelitatem
982 481 1214 527 Fastradae
1241 481 1416 545 reginae
1445 479 1570 527 ferre
1597 498 1693 527 non
1721 498 1852 544 posse

442 558 766 604 asseverabant
791 560 864 622 (ι)
879 595 891 615 ,
919 571 1058 623 atque
1088 558 1192 605 ideo
1218 559 1267 604 in
1293 575 1455 605 necem
1475 559 1594 622 regis
1618 559 1853 622 conspira-

441 646 623 681 verant.
654 635 770 694 Quae
811 653 919 681 cum
947 653 1030 699 per
1069 634 1345 680 Fardulfum
1382 636 1453 698 (2)
1490 633 1853 699 Langobardum

441 712 621 759 detecta
642 712 828 769 fuisset,
850 714 944 776 ipse
961 712 1023 758 ob
1038 713 1261 759 meritum
1282 712 1389 758 fidei
1410 722 1601 768 servatae
1619 722 1852 759 monaste-

441 791 515 836 rio
533 791 689 835 Sancti
711 790 927 855 Dionysii
946 789 1147 836 donatus
1169 800 1254 845 est,
1278 800 1491 837 auctores
1510 807 1623 836 vero
1643 793 1854 854 conjura-

443 868 585 913 tionis
607 878 659 912 ut
685 868 750 913 rei
768 868 1017 929 maJ'estatis
1039 869 1214 931 partim
1239 867 1393 932 gladio
1414 869 1517 914 caesi
1533 903 1545 924 ,
1573 869 1747 931 partim
1771 887 1854 932 pa-

443 943 605 989 tibulis
647 944 883 1007 suspensi,
940 944 1004 991 ob
1057 943 1334 990 meditatum
1385 945 1531 991 scelus
1576 945 1654 991 tali
1699 957 1854 994 morte

442 1022 656 1068 mulctati
683 1032 808 1070 sunt.
838 1023 936 1068 Rex
962 1033 1119 1070 autem
1145 1033 1342 1087 propter
1365 1022 1545 1069 bellum
1569 1041 1677 1069 cum
1703 1025 1853 1071 Hunis

441 1113 710 1164 susceptum
742 1105 792 1146 in
813 1100 1020 1164 Bajoaria
1047 1101 1237 1157 sedens,
1266 1113 1465 1165 pontem
1496 1102 1731 1160 navalem,
1757 1119 1854 1166 quo

444 1178 491 1223 in
517 1177 736 1224 Danubio
759 1177 815 1223 ad
839 1178 884 1224 id
909 1177 1086 1224 bellum
1118 1188 1334 1225 uteretur
1351 1215 1363 1236 ,
1390 1178 1664 1235 aedificavit,
1693 1179 1853 1244 ibique

444 1253 657 1301 Natalem
674 1254 867 1300 Domini
890 1265 938 1300 et
958 1266 1174 1301 sanctum
1192 1253 1364 1301 Pascha
1389 1255 1658 1302 celebravit.

1004 1697 1119 1744 DCC
1128 1699 1294 1744 XCIII.

508 1805 627 1850 Cum
651 1821 733 1851 rex
759 1803 937 1851 bellum
960 1824 983 1851 a
1013 1823 1059 1852 se
1102 1806 1377 1852 inchoatum
1417 1806 1488 1868 (5)
1527 1804 1762 1852 conficere
1788 1805 1854 1867 (4)

441 1892 634 1944 cuperet
676 1890 721 1927 et
767 1882 1063 1928 Pannoniam
1107 1883 1280 1929 iterum
1323 1892 1481 1945 petere
1526 1881 1851 1944 disposuisset,

442 1958 634 2003 allatum
665 1970 735 2004 est
771 1959 873 2021 (5),
919 1960 1075 2023 copias
1113 1978 1225 2024 quas
1251 1958 1569 2005 Theodericus
1594 1977 1747 2006 comes
1772 1977 1855 2023 per

445 2036 643 2080 Frisium
669 2036 739 2098 (6)
766 2035 988 2093 ducebat,
1021 2038 1067 2083 in
1104 2055 1223 2102 pago
1257 2038 1465 2083 Hriustri
1493 2038 1566 2100 (7)
1585 2039 1717 2101 juxta
1746 2038 1856 2083 Wi-

490 2200 539 2243 (1)
565 2198 748 2232 Frelierus
769 2214 775 2232 z
798 2199 1025 2233 asserebant.

489 2259 538 2303 (2)
565 2257 620 2292 Id.
641 2257 861 2304 Arslulsum.

486 2316 537 2363 (3)
563 2317 655 2352 Cod.
673 2317 765 2364 Reg.
787 2318 869 2351 Par.
890 2316 983 2365 5924
1003 2333 1009 2351 ;
1033 2318 1291 2353 inchoandum.

488 2378 538 2421 (4)
563 2376 682 2411 Codd.
702 2376 915 2412 Vindobon.
940 2390 950 2410 1
964 2390 1002 2410 10
1019 2384 1055 2411 et
1070 2390 1139 2425 990
1161 2394 1166 2411 :
1187 2380 1373 2425 perficere.

488 2434 537 2480 (5)
562 2435 743 2469 Freherus
763 2451 769 2468 τ
792 2438 1056 2479 consa'tm'ssct,
1077 2437 1232 2471 allatum
1252 2444 1305 2471 est
1323 2439 1367 2471 ei.
1388 2437 1432 2470 D.
1451 2437 1564 2483 Bouq.
1585 2449 1667 2470 cum
1693 2437 1850 2471 Nuenar.

441 2496 574 2529 comite
597 2511 601 2528 ς
626 2495 860 2536 decrevisset,
881 2498 1089 2530 mmtz'atum
1108 2504 1172 2531 est.

490 2555 538 2599 (6)
566 2556 748 2589 Freherus
770 2572 774 2588 z
800 2556 998 2590 Phrisiam.

489 2615 538 2660 (7)
564 2614 634 2647 All.
671 2614 853 2652 Hrm'slri.
888 2616 1080 2652 Hiriuslri.
1118 2616 1270 2650 Ii'iuslri.
1306 2616 1447 2650 chxlm'.
1490 2615 1652 2653 Ilr·i1e.s·li;
1691 2615 1847 2649 Nncnar.

444 2684 563 2706 emines
584 2680 613 2706 (¹¹
639 2675 679 2707 Ι).
700 2675 809 2721 Bouq.
834 2675 1005 2709 Rhiustri.
