1924 3183
393 184 469 221 276
876 193 880 197 ·
977 180 1225 218 RAROLUS.

392 286 499 314 eum
534 267 688 331 praeda
724 285 864 331 quam
896 268 942 313 in
970 266 1216 313 Abodritis
1249 283 1411 330 capere
1442 277 1728 329 potuerunt,
1759 278 1805 312 et

391 346 475 410 ipsi
495 344 689 392 domum
711 345 903 410 regressi
925 354 1052 390 sunt.
1071 343 1364 390 Godofridus
1378 361 1509 399 vero,
1531 344 1805 408 priusquam

390 431 726 478 reverteretur,
739 420 981 467 destructo
996 420 1229 484 emporio,
1241 419 1386 484 quod,
1399 420 1445 465 in
1462 420 1631 466 Oceani
1646 419 1807 466 littore

390 499 726 554 constitutum,
744 498 904 545 linoua
920 498 1167 544 Danorum
1186 497 1324 543 Reric
1338 495 1601 554 dicebatur,
1622 507 1667 543 et
1682 514 1806 562 mag-

816 535 843 563 τ)

390 594 501 622 nam
528 593 678 640 regno
708 576 831 621 illius
858 574 1245 622 commoditatem
1274 574 1571 638 vectigalium
1597 573 1807 637 persolu-

393 653 523 700 tione
565 651 820 716 praestabat
835 687 848 708 ‚
890 651 1218 715 translatisque
1255 650 1363 697 inde
1401 649 1776 716 negotiatoribus
1795 688 1805 707 ,

392 730 543 791 soluta
558 730 714 786 classe,
730 729 786 775 acl
799 740 1012 793 portum,
1026 729 1107 794 qui
1124 728 1386 792 Sliesthorp
1403 728 1473 791 (ι)
1490 728 1682 785 dicitur,
1701 745 1809 773 cum

391 809 614 855 universo
636 808 846 854 exercitu
864 807 1014 853 venit.
1039 806 1109 851 Ibi
1136 824 1221 870 per
1247 806 1431 871 aliquot
1449 805 1545 852 dies
1572 815 1807 859 moratus,

391 886 594 933 limitem
617 885 750 950 regni
776 885 843 930 sui
864 885 946 949 qui
969 884 1221 932 Saxoniam
1241 884 1458 948 respicit,
1480 883 1605 930 vallo
1623 884 1812 929 munire

392 964 672 1018 constituit,
698 981 753 1010 eo
774 962 943 1018 modo,
967 972 1018 1007 ut
1036 961 1094 1007 ab
1112 962 1330 1009 orientali
1355 962 1493 1007 maris
1514 962 1619 1007 sinu
1634 997 1647 1018 ,
1670 978 1811 1025 quem

394 1042 460 1087 illi
491 1041 718 1088 Ostarsalt
736 1041 805 1104 (2)
823 1040 1016 1096 dieunt,
1044 1058 1191 1105 usque
1218 1039 1273 1085 ad
1300 1039 1642 1087 occidentalem
1665 1039 1813 1086 Ocea-

391 1136 509 1164 num
558 1129 708 1164 totam
752 1117 992 1181 AEgidorae
1037 1116 1248 1163 {luminis
1296 1117 1616 1181 aquilonalem
1661 1117 1814 1181 ripam

391 1196 747 1241 munimentum
767 1195 875 1240 valli
905 1205 1211 1258 praetexeret,
1239 1213 1328 1241 una
1363 1205 1549 1241 tantum
1576 1207 1713 1260 porta
1741 1195 1815 1241 di·-

392 1277 529 1320 missa
561 1274 655 1336 (3),
687 1291 773 1336 per
797 1291 941 1337 quam
968 1291 1097 1319 carra
1123 1283 1170 1320 et
1199 1274 1383 1337 equites
1412 1274 1564 1320 emitti
1597 1284 1644 1321 et
1667 1274 1813 1337 recipi

392 1351 661 1416 potuissent
682 1371 692 1396 :
714 1351 865 1397 diviso
886 1351 1043 1415 itaque
1066 1368 1208 1414 opere
1234 1350 1360 1397 inter
1381 1351 1520 1398 duces
1540 1352 1784 1415 copiarum
1799 1387 1811 1406 ‚
1853 1398 1857 1399 ⁷

394 1429 592 1476 domum
642 1446 854 1475 reversus
899 1440 984 1475 est.
1037 1430 1219 1475 Interea
1259 1447 1341 1475 rex
1383 1428 1816 1476 Nordanhumbro-

395 1524 503 1552 rum
522 1506 589 1569 (4)
603 1505 659 1552 de
682 1506 914 1551 Brittania
934 1505 1102 1561 insula,
1124 1506 1323 1553 nomine
1337 1505 1647 1569 Eardulf(5)‚
1667 1523 1816 1570 regno

395 1595 441 1631 et
463 1585 613 1648 patria
640 1584 802 1648 pulsus
820 1620 832 1640 ,
860 1584 917 1630 ad
941 1584 1302 1648 imperatorem,
1326 1583 1441 1629 dum
1461 1583 1612 1629 adhuc
1636 1583 1819 1630 Novio-

398 1661 520 1726 magi
538 1671 825 1717 moraretur,
847 1661 1001 1717 venit-3
1021 1672 1067 1707 et
1085 1660 1320 1725 patefacto
1339 1660 1565 1708 adventus
1583 1661 1653 1708 sui
1676 1678 1820 1725 nego-

399 1739 486 1795 tio,
512 1740 712 1786 Romam
731 1738 1070 1802 proficiscitur,
1095 1739 1340 1805 Romaque
1363 1739 1568 1798 rediens,
1595 1757 1679 1803 per
1703 1739 1819 1803 lega-

399 1826 473 1862 tos
492 1815 693 1862 Romani
717 1814 956 1879 pontificis
978 1826 1026 1861 et
1044 1815 1209 1862 domni
1230 1816 1529 1880 imperatoris
1550 1817 1596 1862 in
1619 1833 1819 1881 regnum

400 1911 538 1940 suum
561 1893 822 1939 reducitur.
855 1893 1064 1940 Praeerat
1097 1904 1212 1939 tunc
1242 1893 1470 1957 temporis
1500 1892 1717 1940 Ecclesiae
1741 1910 1823 1939 ro·-

403 1989 556 2017 manae
584 1973 678 2017 Leo
707 1971 873 2017 tertius
889 2007 900 2027 ‚
928 1974 1058 2033 cujus
1084 1971 1261 2035 legatus
1284 1970 1341 2017 ad
1364 1971 1649 2017 Brittaniam
1672 1970 1822 2017 direc-

452 2190 502 2234 (1)
529 2188 599 2223 All.
624 2188 835 2233 Sum-thorp.
858 2186 1102 2231 Slc'estlzorplz,
1126 2186 1357 2233 Siliestorph,
1383 2184 1584 2234 Sliestorjff,
1604 2185 1823 2230 Fliesthorp,

408 2248 589 2290 Liesllmr,
608 2247 791 2281 Slz'eswic.

455 2318 504 2362 (2)
531 2316 601 2350 All.
621 2315 847 2357 (leniat-salt,
869 2314 1071 2357 Omtalsac,
1091 2314 1333 2357 Ostersallus,
1359 2313 1558 2356 Ostersalt,
1580 2313 1824 2348 Lestarhsalt.

410 2377 607 2423 Riginonis
626 2376 801 2410 Chronic
820 2375 1050 2409 Hosarsalet.

456 2444 506 2491 (5)
531 2444 649 2480 Codd.
672 2445 853 2478 Hanover¹
879 2451 916 2477 et
938 2442 1175 2477 Yindobonn.
1208 2454 1270 2476 110
1288 2449 1324 2476 et
1348 2453 1441 2489 990:
1464 2454 1534 2475 uno
1555 2447 1697 2475 tantum
1718 2447 1825 2486 portu

412 2505 562 2539 dimisso
581 2517 648 2550 per
664 2517 785 2550 quem.

457 2574 507 2619 (4)
533 2572 603 2608 All.
641 2571 1101 2611 Not-clidanlzmnbrorum,
1135 2570 1497 2608 Nor-(lhumbi-mum,
1529 2568 1823 2603 Narclanimlwo-

414 2645 516 2672 rum,
564 2631 962 2669 [Vortlmnimbrorum,
1011 2629 1410 2665 levlrmumbrorum,
1465 2627 1823 2662 lVorda'anhumbro-

415 2703 506 2723 rum.

461 2756 508 2800 (5)
540 2757 606 2789 Ml.
626 2757 794 2801 [ἐτη-(ΜΓ.
823 2756 1042 2800 Ετιντῖιιζίὶιτ.
