1924 3183
332 165 408 205 3721
850 161 1223 200 HLUDOWICUS.

334 252 604 316 direptione
644 252 850 316 graviter
892 250 1084 296 fuerant
1120 248 1314 296 desolati
1335 284 1347 306 ,
1387 248 1444 295 de
1482 250 1753 313 receptione

332 329 578 376 bonorum
605 344 828 384 suorum,
856 344 964 392 quae
991 344 1077 391 per
1102 326 1228 372 illius
1258 326 1514 373 adventum
1538 328 1638 373 Deo
1662 325 1753 373 do-

332 415 478 451 nante
502 414 812 468 provenerat,
842 403 1090 468 magnifice
1114 403 1210 449 sint
1236 402 1483 449 consolati.

399 483 502 529 Hoc
528 499 656 530 anno
675 483 834 546 paucis
857 492 966 528 ante
991 481 1248 529 solstitium
1267 481 1472 527 aestivale
1490 479 1679 539 diebus,
1704 481 1752 526 in

336 559 585 607 territori0
607 558 1024 624 Augustodunensi
1049 566 1155 605 aere
1178 559 1227 604 in
1250 567 1578 622 tempestatem
1599 557 1753 604 subita

332 636 599 683 mutatione
623 653 854 684 converso
872 673 883 693 ,
915 637 1080 702 ingens
1103 636 1425 700 fragmentum
1446 652 1503 682 ex
1525 634 1672 699 glacie
1692 635 1756 680 si-

333 715 434 761 mul
459 733 568 761 cum
592 715 823 780 grandine
845 715 1068 762 decidisse
1089 726 1329 771 narratur,
1354 716 1484 778 cujus
1503 712 1754 778 longitudo

330 791 606 857 quindecim
622 828 636 848 ‚
674 792 877 839 latitudo
917 802 1096 856 septem
1112 828 1123 848 ,
1166 790 1426 838 crassitudo
1463 790 1580 837 duos
1618 789 1755 854 pedes

333 869 547 916 habuisse
573 870 767 916 dicitur.

888 1404 1210 1452 DCCCXXV.

402 1512 545 1558 Sacro
582 1511 791 1558 Paschali
826 1511 948 1557 festo
994 1511 1272 1559 solemniter
1310 1510 1596 1576 Aquisgrani
1634 1511 1758 1558 cele-

336 1588 503 1647 brato,
530 1588 770 1635 arridente
797 1589 939 1636 etiam
969 1606 1114 1635 verna
1143 1588 1477 1652 temperie(1),
1502 1588 1760 1651 imperator

336 1666 539 1713 venandi
556 1667 706 1731 gratia
725 1666 1076 1730 Noviomagum
1092 1667 1361 1730 profectus,
1386 1667 1562 1731 legatos
1585 1665 1761 1730 Bulga—

336 1763 504 1792 rorum
530 1745 654 1791 circa
677 1743 888 1792 medium
913 1745 1091 1791 maium
1115 1744 1409 1809 Aquasgrani
1440 1744 1603 1792 venire
1632 1760 1760 1807 prae-

339 1824 481 1888 cepit.
510 1824 630 1870 Nam
655 1824 720 1869 sic
745 1823 827 1871 illo
852 1824 1026 1870 reverti
1053 1824 1242 1880 statuit,
1270 1822 1518 1869 habiturus
1544 1821 1607 1867 ibi
1639 1837 1762 1867 con-

338 1912 560 1957 ventum,
587 1918 731 1965 quem
754 1900 811 1948 de
834 1901 1083 1947 Britannia
1109 1918 1340 1966 regressus
1350 1936 1363 1957 ,
1390 1917 1446 1946 eo
1471 1917 1517 1946 se
1544 1910 1761 1962 tempore

339 1977 518 2025 ibidem
542 1977 715 2025 habere
739 1978 858 2025 velle
886 1979 960 2041 (2)
986 1977 1298 2042 optimatibus
1321 1977 1625 2023 indicaverat.
1650 1976 1762 2037 Quo

339 2073 476 2113 cum,
502 2067 689 2119 peracta
713 2057 991 2112 venatione,
1018 2055 1184 2103 fuisset
1206 2073 1441 2115 reversus,
1466 2054 1762 2119 Bulgaricam

339 2133 626 2198 legationem
650 2133 859 2189 audivit;
893 2144 993 2179 erat
1021 2134 1150 2180 enim
1179 2133 1237 2180 de
1270 2133 1487 2180 terminis
1510 2150 1562 2178 ac
1586 2130 1762 2177 finibus

340 2211 467 2256 inter
491 2209 719 2273 Bulgaros
737 2226 789 2254 ac
809 2209 1016 2256 Francos
1042 2209 1404 2257 constituendis.
1432 2209 1689 2256 Affuerunt
1714 2207 1762 2253 in

341 2286 507 2335 eodem
527 2296 769 2333 conventu
790 2303 911 2351 pene
932 2304 1097 2334 omnes
1118 2287 1376 2333 Britanniae
1400 2287 1661 2350 primores,
1688 2285 1764 2329 in-

340 2376 413 2411 ter
432 2382 551 2430 quos
572 2375 619 2411 et
634 2364 1013 2412 Wihomarchus
1030 2366 1120 2430 (3),
1144 2366 1226 2430 qui
1243 2365 1438 2429 perfidia
1454 2382 1532 2410 sua
1553 2374 1598 2410 et
1613 2371 1762 2409 totam

389 2561 438 2605 (1)
464 2561 509 2595 D.
531 2561 646 2608 Bouq.
665 2568 702 2596 et
720 2561 840 2596 Nuen.
859 2574 979 2597 comes
996 2578 1003 2596 ε
1023 2576 1059 2597 α.
1078 2563 1157 2609 jam
1175 2576 1291 2598 verno
1311 2570 1483 2609 tempore..

389 2623 441 2664 (2)
467 2620 608 2655 Iidem:
630 2621 853 2655 habiturum.

391 2677 441 2722 (7))
467 2678 533 2713 All.
563 2680 808 2715 lViomm'cm,
837 2680 1100 2715 ilfilimnarcm.
