1924 3183
415 180 486 218 186
988 178 1238 216 KAROLUS.

405 283 515 312 eum
544 266 593 310 in
618 264 783 311 eodem
806 265 975 329 praelio
1000 283 1158 312 secum
1194 264 1442 312 haberent.
1471 265 1580 313 Ideo
1610 267 1710 314 sine
1740 267 1823 316 ino

406 361 515 389 cum
529 342 792 389 Saxonihus
809 343 1033 409 congredi
1054 343 1337 399 decernunt,
1356 343 1649 409 sumptisque
1661 345 1821 402 armis,

408 437 507 467 non
527 421 656 485 quasi
678 420 736 466 ad.
760 420 945 468 hostem
970 422 1018 466 in
1043 420 1140 466 acie
1159 429 1388 476 stantem,
1412 420 1491 467 sed
1514 421 1645 485 quasi
1669 419 1727 466 ad
1747 420 1826 467 fu-

405 499 641 563 gientium
672 508 799 563 terga
835 498 1123 563 insequenda
1153 497 1395 562 spoliaque
1427 496 1690 561 diripienda
1725 499 1822 562 (1),

408 585 555 640 prout
578 593 817 640 quemque
841 575 1062 622 velocitas
1086 575 1195 639 equi
1229 574 1298 620 sui
1332 574 1533 632 tulerat,
1562 592 1653 639 qua
1681 575 1826 621 Saxo-

410 670 492 699 nes
524 669 615 717 pro
639 653 801 698 castris
840 652 888 697 in
918 651 1016 698 acie
1056 649 1270 708 stabant,
1307 650 1635 716 unusquisque
1660 668 1827 698 eorum

409 748 589 776 summa
609 729 915 776 festinatione
934 728 1183 775 contendit
1198 729 1288 791 (2).
1312 728 1549 787 Quocum
1571 738 1689 774 esset
1707 726 1828 774 male

409 817 712 872 perventum,
735 807 856 853 male
871 807 1012 853 etiam
1028 817 1291 871 pugnatum
1310 816 1402 863 est3
1426 824 1556 863 nam,
1576 805 1829 852 commisso

410 884 596 948 praelio,
623 883 936 930 circumventi
961 901 985 929 a
1019 881 1284 929 Saxonibus
1299 918 1311 939 ‚
1338 900 1460 947 pene
1482 900 1650 930 omnes
1676 882 1830 928 inter-

410 961 522 1008 fecti
547 972 674 1007 sunt.
705 960 797 1020 Qui
820 971 978 1007 tamen
996 960 1190 1007 evadere
1213 970 1503 1024 potuerunt,
1528 977 1631 1008 non
1657 959 1706 1006 in
1729 976 1827 1015 sua,

413 1039 538 1086 unde
572 1038 775 1103 profecti
816 1049 953 1095 sunt,
991 1038 1071 1085 sed
1107 1039 1158 1085 in
1185 1037 1465 1085 Theoderici
1506 1048 1682 1094 castra,
1723 1054 1830 1101 quae

412 1126 542 1162 trans
568 1126 783 1162 montem
814 1125 974 1173 erant,
1001 1115 1228 1180 fugiendo
1253 1124 1595 1179 pervenerunt.
1625 1113 1716 1160 Sed
1735 1130 1832 1159 ma-

404 1195 485 1257 jor
509 1193 703 1239 Francis
727 1210 871 1257 quam
903 1210 991 1256 pro
1011 1210 1214 1239 numero
1228 1197 1414 1257 jactura
1438 1192 1529 1238 fuit
1543 1227 1556 1248 ‚
1574 1192 1684 1256 quia
1703 1191 1831 1255 lega—

412 1281 575 1317 torum
607 1269 727 1328 duo,
763 1269 1006 1334 Adalgisus
1042 1281 1089 1316 et
1119 1270 1286 1326 Geilo,
1332 1270 1563 1316 comitum
1597 1278 1829 1333 quatuor,

409 1347 712 1412 aliorumque
748 1347 989 1394 clarorum
1025 1358 1166 1413 atque
1201 1347 1441 1394 nobilium
1480 1365 1628 1412 usque
1667 1346 1725 1393 ad
1761 1346 1834 1392 vi-

409 1425 532 1489 ginti
560 1424 828 1481 interfecti,
851 1436 1027 1488 praeter
1051 1435 1247 1472 caeteros
1262 1461 1276 1482 ,
1296 1425 1378 1490 qui
1400 1423 1484 1471 hos
1508 1424 1724 1488 sequuti,
1748 1439 1834 1487 po-

412 1502 505 1547 tius
542 1519 651 1548 cum
675 1502 740 1549 eis
772 1504 929 1566 perire
952 1521 1094 1568 quam
1118 1514 1227 1567 post
1251 1521 1329 1550 eos
1355 1504 1514 1549 vivere
1539 1501 1830 1548 maluerunt.

413 1580 555 1643 Cujus
592 1580 659 1626 rei
695 1581 922 1626 nuntium
946 1598 1056 1627 cum
1079 1598 1164 1627 rex
1191 1581 1445 1645 accepisset
1472 1582 1572 1644 (5),
1598 1579 1719 1626 nihil
1745 1578 1832 1625 sibi

413 1657 736 1704 cunctandum
755 1658 1038 1716 arbitratus,
1066 1659 1267 1707 collecto
1292 1659 1572 1706 festinanter
1597 1658 1830 1715 exercitu,

415 1736 464 1781 in
505 1736 759 1783 Saxoniam
800 1737 1149 1801 proficiscitur,
1189 1737 1446 1801 accitisque
1479 1737 1535 1782 ad
1568 1754 1614 1783 se
1652 1736 1835 1782 cunctis

414 1813 656 1859 Saxonum
694 1812 1020 1877 primol²ibuS‚
1048 1813 1104 1861 de
1140 1813 1415 1862 auctoribus
1440 1813 1576 1860 factae
1602 1812 1836 1859 defectio-

414 1891 488 1936 nis
513 1891 776 1956 inquisivit.
806 1893 871 1939 Et
895 1910 1003 1939 cum
1022 1910 1189 1940 omnes
1209 1892 1561 1939 Widokindum
1582 1890 1720 1954 hujus
1741 1908 1833 1937 sce-

414 1970 523 2016 leris
544 1980 786 2017 auctorem
809 1971 1190 2035 proclamarent,
1218 1989 1327 2018 eum
1354 1981 1512 2018 tamen
1539 1970 1724 2016 tradere
1746 1987 1835 2016 ne·-

415 2048 636 2111 quirent‚
674 2066 729 2096 eo
757 2049 887 2114 quod
917 2050 953 2096 is
977 2068 1029 2097 re
1060 2059 1326 2114 perpetrata
1351 2049 1407 2095 ad
1434 2048 1762 2096 Nortmannos
1787 2064 1835 2094 se

416 2126 712 2184 contulerat,
739 2137 1025 2175 caeterorum
1042 2164 1054 2184 ‚
1089 2129 1171 2192 qui
1211 2128 1502 2192 persuasioni
1527 2129 1625 2190 ejus
1648 2143 1835 2173 morem

414 2214 630 2268 gerentes
662 2214 847 2250 tantum
878 2204 1062 2251 facinus
1096 2217 1416 2270 peregerunt,
1442 2222 1591 2270 usque
1626 2204 1683 2250 ad
1716 2220 1836 2269 qua-

416 2290 528 2327 tuor
554 2281 682 2326 milia
708 2281 958 2347 quingenti
985 2283 1173 2340 traditi,
1197 2295 1244 2330 et
1268 2301 1409 2347 super
1438 2282 1627 2329 Alaram
1651 2282 1721 2345 (4)
1744 2280 1833 2327 flu-

459 2456 509 2499 (1)
537 2454 695 2489 Nuenar.
716 2467 837 2490 comes
855 2472 860 2490 :
883 2457 936 2491 ad
941 2457 1157 2504 fugientem
1172 2456 1410 2493 contendunt.
1439 2456 1562 2502 Terga
1586 2456 1732 2501 insequi
1750 2462 1833 2499 spo-

417 2515 537 2560 ltaque
556 2513 727 2559 diripere.

462 2573 512 2617 (2)
539 2572 699 2607 Nuenar.
722 2585 842 2608 comes
863 2590 869 2607 :
891 2574 1122 2609 adoriuntur.

464 2629 512 2675 (3)
543 2631 703 2666 Nuenar.
725 2645 845 2668 comes
863 2650 868 2666 z
892 2637 1123 2680 suscepisset.

466 2691 513 2734 (4)
543 2690 595 2724 ΑΙ.
618 2692 787 2726 ΑΙα1·ιιηι.
