1924 3183
389 179 465 217 248
966 180 1218 218 RAROLUs.

385 264 732 330 objiciebantur
757 266 1053 313 criminibus.
1084 267 1177 327 Qui
1203 278 1383 325 tamen,
1416 279 1666 334 postquam
1689 272 1800 317 nul-

385 344 456 389 lus
484 343 759 390 eorumdem
784 344 1040 390 criminum
1063 344 1298 409 probator
1320 363 1414 393 esse
1437 347 1614 406 voluit,
1640 365 1799 395 coram

383 421 517 467 omni
544 421 723 485 populo
750 422 798 468 in
824 421 1012 468 basilica
1039 423 1163 470 beati
1185 423 1311 470 Petri
1330 425 1556 488 apostoli,
1579 425 1800 494 Evange-
1860 487 1863 490 Ι

381 499 500 545 lium
511 498 688 559 ferens,
705 500 960 547 ambonem
975 502 1268 559 conscendit,
1286 502 1602 568 invocatoque
1617 503 1800 550 Sanctae

383 577 634 623 Trinitatis
674 579 896 635 nomine,
939 578 995 625 de
1035 579 1231 644 objectis
1267 598 1313 626 se
1351 579 1634 627 criminibus
1662 583 1801 645 jure-

372 653 581 716 jurando
609 655 627 717 (
640 654 682 716 1)
710 656 946 718 purgavit.
982 655 1159 703 Eadem
1183 657 1257 704 die
1281 658 1525 704 Zacharias
1550 656 1800 722 presbyter

381 749 527 796 quem
549 749 632 779 rex
656 733 1037 798 Hierosolymam
1055 735 1269 792 miserat,
1296 753 1403 781 cum
1423 735 1610 783 duobus
1635 752 1803 782 mona-

381 807 480 853 chis
506 825 626 872 quos
650 808 913 872 patriarcha
940 827 1047 855 cum
1072 828 1127 858 eo
1156 810 1212 858 ad
1237 829 1395 876 regem
1419 812 1573 869 misit,
1601 812 1802 858 Romam

380 886 529 941 venit,
549 886 650 950 qui,
673 885 1019 934 benedictionis
1041 889 1209 952 gratia,
1241 890 1389 937 claves
1406 890 1608 954 sepulcri
1629 891 1803 936 Domi-

382 964 475 1009 nici
497 982 548 1010 ac
571 964 661 1011 loci
683 964 913 1012 Calvariae
933 984 1041 1013 cum
1061 967 1237 1014 vexillo
1256 968 1547 1015 detulerunt.
1571 968 1701 1027 Quos
1719 985 1802 1015 rex

380 1039 585 1104 henigne
614 1052 828 1105 receptos
861 1060 946 1106 per
970 1043 1154 1107 aliquot
1177 1043 1274 1090 dies
1305 1062 1463 1091 secum
1490 1045 1722 1101 detinuit,
1757 1055 1803 1091 et

380 1117 532 1164 redire
556 1119 766 1166 volentes
792 1132 1120 1167 remuneratos
1146 1121 1366 1169 absolvit.

990 1262 1184 1308 DCCCI.

444 1367 543 1429 lpse
565 1377 723 1412 autem
749 1384 858 1412 cum
883 1367 958 1414 die
985 1369 1291 1414 sacratissima
1316 1368 1495 1415 Natalis
1526 1370 1719 1416 Domini
1745 1368 1802 1414 ad

378 1442 626 1489 missarum
664 1442 892 1491 solemnia
927 1442 1204 1490 celebranda
1236 1444 1478 1491 basilicam
1512 1445 1637 1492 beati
1673 1445 1800 1491 Petri

375 1518 578 1582 apostoli
602 1517 767 1565 fuisset
793 1519 1028 1584 ingressus
1044 1556 1056 1577 ‚
1081 1530 1126 1566 et
1149 1538 1311 1568 coram
1329 1521 1493 1578 altari,
1517 1520 1597 1567 ubi
1620 1522 1676 1567 ad
1697 1538 1802 1568 ora-

376 1597 560 1644 tionem
583 1615 629 1643 se
656 1597 991 1654 inclinaverat,
1019 1599 1275 1656 assisteret,
1303 1601 1399 1647 Leo
1423 1617 1540 1664 papa
1572 1616 1801 1647 coronam

376 1674 516 1738 capiti
548 1676 645 1738 ejus
671 1675 898 1738 imposuit
914 1711 925 1730 ,
955 1686 1131 1723 cuncto
1160 1677 1490 1724 Romanorum
1515 1677 1696 1741 populo
1720 1694 1801 1722 ac·-

377 1751 608 1798 clamante
632 1772 641 1796 :
666 1751 849 1798 Karolo
876 1755 1127 1816 Augusto,
1156 1771 1187 1799 a
1211 1754 1317 1800 Deo
1337 1765 1591 1812 coronato,
1620 1771 1799 1817 magno

376 1840 420 1874 et
440 1827 653 1893 pacifico
684 1832 963 1894 imperatori
982 1831 1342 1888 Romanorum,
1369 1832 1474 1877 vita
1499 1842 1542 1876 et
1567 1831 1771 1877 vic-toria
1786 1830 1800 1874 l

376 1906 488 1951 Post
510 1923 622 1969 quas
641 1905 798 1952 laudes
820 1904 878 1952 ab
899 1906 1065 1953 eodem
1084 1906 1313 1972 pontifice
1333 1924 1467 1953 more
1487 1907 1799 1971 antiquorum

377 1984 652 2048 principum
672 1983 893 2030 adoratus
912 1996 998 2041 est,
1021 2002 1072 2030 ac
1093 1984 1280 2041 deinde,
1303 1985 1476 2031 omisso
1495 1984 1685 2030 Patricii
1706 2001 1799 2030 no-

377 2062 531 2116 mine,
563 2063 827 2124 Imperator
854 2073 901 2108 et
926 2063 1164 2127 Augustus
1191 2063 1463 2127 appellatus.
1491 2064 1603 2110 Post
1625 2080 1799 2127 paucos

377 2155 491 2185 vero
529 2138 651 2194 dies,
684 2137 884 2202 jubente
923 2140 1051 2203 ipso,
1095 2140 1124 2185 ii
1159 2141 1240 2204 qui
1285 2140 1488 2187 eundem
1520 2139 1798 2204 pontificem

377 2232 506 2262 anno
531 2216 773 2278 superiore
798 2216 1147 2280 deposuerunt,
1177 2218 1223 2263 in
1245 2217 1480 2281 judicium
1504 2216 1721 2272 adducti,
1752 2227 1797 2262 et

378 2292 535 2339 habita
562 2293 619 2339 de
643 2294 706 2339 eis
731 2295 1022 2359 quaestione,
1049 2295 1307 2342 secundum
1331 2296 1482 2360 legem
1508 2297 1794 2350 Romanam,

379 2383 432 2417 ut
450 2372 702 2435 majestatis
726 2373 818 2429 rei,
844 2374 1008 2436 capitis
1032 2374 1241 2420 damnati
1267 2385 1378 2421 sunt
1399 2376 1485 2438 (2).
1512 2376 1604 2420 Pro
1622 2373 1797 2437 quibus

425 2574 473 2616 (ι)
501 2574 554 2606 lta
568 2572 678 2607 habet
693 2574 731 2606 l).
753 2574 865 2621 Bonq
883 2587 965 2608 cuni
982 2575 1142 2608 Nucnar.
1160 2576 1292 2609 comite
1304 2582 1338 2609 et
1355 2574 1460 2609 codd.
1478 2575 1641 2608 llannov.
1654 2581 1687 2608 ct
1707 2574 1795 2608 'vin-

381 2631 541 2665 dobonn.
571 2646 629 2665 ¹10
649 2640 681 2666 ct
702 2647 782 2680 900.
819 2655 845 2658 ν
868 2635 972 2667 l'crtz
998 2650 1000 2667 ;
1029 2634 1200 2679 juranda

430 2694 473 2732 “JJ
503 2691 530 2724 l)
560 2691 669 2738 Rouq.
686 2700 718 2727 vl
741 2694 895 2728 Nili-nar.
915 2706 1033 2728 coines
1052 2724 1054 2726 ,
1076 2695 1189 2741 lrgem
1211 2695 1462 2727 Romanorum.
1482 2700 1518 2727 ul
1532 2696 1679 2720 ι”·”””””’
1698 2693 1794 2725 '‘⁷¹‘ae
