1924 3183
395 144 471 179 262
978 144 1228 183 KAROLUS.

394 248 500 284 nus,
528 230 723 276 nomine
750 230 1028 279 Theodorus
1051 260 1113 267 —
1139 243 1184 278 et
1210 233 1429 296 precibus
1454 236 1550 295 ejus
1573 253 1803 293 annuens,

392 304 669 352 muneribus
696 306 925 354 donatum
954 307 1107 355 redire
1138 309 1371 371 permisit.
1401 310 1495 372 Qui
1533 311 1717 358 rediens
1752 314 1809 359 ad

391 382 626 446 populum
643 400 806 440 suum,
835 402 985 448 pauco
1009 396 1222 448 tempore
1244 395 1504 447 transacto,
1524 387 1647 434 diem
1668 389 1807 436 obiit.

393 461 457 506 Et
482 461 611 507 misit
642 461 854 526 Gaganus
888 481 1037 509 unum
1064 463 1121 510 de
1147 463 1459 528 optimatibus
1492 466 1613 523 suis,
1649 477 1813 530 petens

393 538 480 585 sibi
515 538 747 587 honorem
773 542 1055 606 antiquum,
1087 559 1229 606 quem
1253 542 1463 608 Caganus
1494 544 1617 607 apud
1647 545 1812 591 Hunos

396 615 567 663 habere
611 616 807 665 solebat.
849 619 991 682 Cujus
1027 618 1246 682 precibus
1283 620 1541 683 imperator
1575 639 1811 668 assensum

395 693 630 758 praebuit,
659 705 706 741 et
732 713 965 742 summam
997 698 1140 745 totius
1170 699 1302 763 regni
1327 700 1461 762 juxta
1494 700 1703 762 priscum
1731 717 1813 745 eo-

396 786 504 816 rum
530 771 679 817 ritum
712 773 952 836 Caganum
984 773 1155 821 habere
1187 775 1431 839 preecepit.
1475 775 1657 822 Eodem
1688 794 1815 823 anno

397 849 527 895 misit
554 850 815 896 exercitum
837 868 974 896 suum
999 868 1106 896 cum
1134 851 1232 899 filio
1256 870 1340 899 suo
1365 853 1545 899 Karolo
1570 853 1618 898 in
1641 864 1815 899 terram

398 925 694 983 Sclavorum,
709 927 791 991 qui
805 938 1038 974 vocantur
1052 927 1261 975 Beheimi
1272 967 1281 975 .
1306 930 1395 991 Qui
1413 947 1605 976 omnem
1622 930 1816 976 illorum

398 1005 599 1067 patriam
626 1003 937 1069 depopulatus
953 1042 964 1061 ‚
992 1006 1160 1053 ducem
1185 1024 1352 1053 eorum
1368 1044 1380 1065 ‚
1410 1008 1605 1055 nomine
1629 1007 1818 1055 Becho-

399 1098 508 1126 nem
530 1081 619 1144 (ι),
643 1080 835 1138 occidit,
858 1092 904 1128 et
928 1082 1035 1129 inde
1053 1100 1306 1147 regressus,
1331 1084 1379 1129 in
1396 1085 1580 1149 Vosego
1603 1085 1677 1148 (2)
1707 1084 1820 1130 silva

402 1158 458 1203 ad
488 1168 669 1221 patrem
696 1160 769 1222 (3)
793 1160 952 1216 venit,
982 1160 1029 1205 in
1063 1160 1168 1207 loco
1202 1161 1284 1224 qui
1309 1159 1486 1206 dicitur
1510 1162 1673 1225 Camp.
1701 1162 1820 1208 Nam

403 1236 663 1299 imperator
689 1237 813 1300 julio
849 1254 1008 1284 mense
1038 1237 1095 1284 de
1124 1237 1407 1303 Aquisgrani
1441 1238 1708 1302 profectus,
1737 1256 1821 1303 per

404 1313 839 1361 Theodonisvillam
886 1326 1028 1379 atque
1066 1316 1231 1362 Mettis
1279 1318 1539 1372 transiens,
1583 1316 1821 1381 Vosegum

403 1392 559 1455 petiit.
610 1390 776 1456 Ibique
820 1393 1061 1440 venationi
1107 1411 1298 1450 vacans,
1345 1405 1454 1457 post
1503 1395 1823 1441 reversionem

404 1470 638 1516 exercitus
671 1470 728 1516 ad
760 1471 1000 1517 Rumerici
1037 1472 1106 1535 (4)
1146 1472 1388 1519 castellum
1423 1472 1693 1536 profectus,
1730 1472 1825 1518 ibi-

405 1564 497 1611 que
521 1548 818 1612 aliquantum
844 1550 1071 1613 temporis
1096 1561 1330 1607 moratus,
1360 1550 1416 1596 ad
1447 1550 1750 1598 hiemandum
1777 1552 1824 1598 in

409 1625 793 1674 Theodonisvilla
815 1628 988 1692 palatio
1013 1646 1098 1675 suo
1118 1629 1348 1675 consedit.
1376 1629 1445 1675 Ibi
1472 1629 1527 1675 ad
1551 1647 1660 1675 eum
1683 1628 1825 1676 ambo

409 1703 491 1748 {ilii
518 1704 586 1750 sui
612 1705 841 1769 Pippinus
867 1716 911 1753 et
931 1707 1238 1755 Hludowicus
1257 1718 1517 1764 venerunt,
1543 1707 1826 1755 celebravit-

407 1799 499 1846 que
527 1781 591 1828 ibi
617 1783 833 1830 Natalem
859 1784 1071 1831 Domini.

459 1999 508 2043 (ι)
535 1999 590 2032 Ita
604 1998 694 2045 legit
711 1999 876 2034 Pertzius
891 2012 972 2033 cum
988 2007 1125 2046 septem
1142 1999 1359 2034 codd.—D.
1375 2000 1506 2047 Bouq.‚
1526 2000 1687 2035 Nuenar.
1709 2013 1830 2035 comes

411 2065 446 2093 et
465 2058 597 2106 pleriq.
619 2059 725 2093 codd.
748 2060 946 2094 Annalium
967 2061 1122 2094 Lauriss.
1146 2061 1366 2095 Lechonem.

458 2118 508 2162 (2)
534 2117 606 2152 All.
631 2118 795 2164 Vosago,
823 2120 981 2165 Vosegtz.

458 2175 509 2221 (5)
538 2178 580 2210 D.
601 2177 715 2224 Bouq.
743 2177 795 2212 acl
817 2179 1085 2224 imperatorem.
1114 2178 1172 2213 Sic
1196 2176 1278 2212 cod.
1302 2177 1514 2213 Vindobon.
1548 2190 1609 2210 110
1636 2183 1672 2210 et
1695 2177 1825 2211 Annal.

414 2236 568 2270 Lauriss.

461 2294 510 2339 (4)
537 2294 582 2328 D.
598 2294 713 2341 Bouq.
728 2302 764 2328 et
779 2295 927 2329 Freher⁴
955 2295 1155 2334 R1emorici;
1177 2295 1336 2330 Nuenar.
1357 2306 1476 2328 comes
1494 2310 1498 2326 τ
1518 2293 1723 2328 Rumriclzi:
1745 2294 1824 2328 cod.

415 2355 579 2389 Hannov.
598 2355 798 2390 Numer-ici.
