2043 3193
484 167 535 204 30
820 163 943 200 VITA
972 161 1167 201 KAROLI
1197 158 1558 199 IMPERATORIS.

485 251 701 298 Italicum
730 249 821 297 hoc
849 249 1029 297 bellum
1059 248 1258 312 sumpsit
1282 247 1559 307 exordium,
1585 258 1633 295 et
1656 266 1765 296 cum
1793 249 1894 296 sine

486 328 835 376 intermissione
863 337 1124 393 gereretur,
1152 324 1274 372 nihil
1300 336 1457 372 tamen
1483 344 1539 373 ex
1570 326 1640 373 his
1670 345 1777 393 quae
1809 327 1896 374 ali—

487 405 592 452 cubi
617 406 686 469 (1)
714 418 849 452 erant
872 403 1074 470 gerenda
1099 403 1370 464 dimissum,
1397 414 1478 449 aut
1498 404 1592 450 ulla
1615 405 1661 451 in
1686 416 1818 469 parte
1837 404 1895 451 ab

487 501 621 548 acque
639 501 840 548 operoso
864 482 1121 530 certamine
1145 493 1373 528 cessatum
1399 492 1491 538 θεῖς
1519 500 1629 528 nam
1652 500 1733 529 rex
1748 519 1761 540 ,
1788 500 1897 531 om-

486 561 621 607 nium
650 562 730 625 qui
763 578 839 606 sua
872 569 1005 605 aetate
1039 557 1258 621 gentibus
1283 558 1672 616 dominabantur,
1700 570 1747 606 et
1775 577 1898 623 pru-

487 637 645 683 dentia
676 638 906 683 maximus
938 645 984 682 et
1018 635 1163 681 animi
1200 636 1525 699 magnitudine
1563 636 1900 700 praestantissi—

490 733 594 760 mus
622 750 632 769 ,
680 714 799 760 nihil
842 715 887 759 in
938 712 1008 758 his
1048 730 1154 777 quae
1201 713 1273 759 vel
1315 713 1608 777 suscipienda
1653 724 1787 760 erant
1826 714 1899 760 vel

491 790 788 856 exequenda,
829 801 909 836 aut
948 799 1146 854 propter
1175 790 1243 852 (2)
1283 789 1496 838 laborem
1532 790 1809 837 detractavit
1830 791 1900 854 (3)

491 878 572 913 aut
598 877 794 931 propter
810 866 1074 930 periculum
1101 864 1376 922 exhorruit,
1404 884 1569 914 verum
1590 865 1900 931 unumquod-

491 962 583 1009 que
607 943 866 991 secundum
896 960 1027 989 suam
1058 942 1331 1007 qualitatem
1363 953 1408 989 et
1435 942 1592 990 subire
1609 945 1678 1007 (4)
1708 954 1755 990 et
1778 942 1903 990 ferre

491 1022 684 1080 doctus,
711 1040 798 1069 nec
825 1023 873 1067 in
900 1020 1102 1067 adversis
1122 1019 1308 1079 cedere,
1340 1038 1427 1068 nec
1452 1022 1501 1067 in
1527 1022 1765 1086 prosperis
1792 1021 1904 1068 false

492 1098 754 1146 blandienti
779 1099 988 1145 fortunae
1007 1098 1231 1145 adsentiri
1254 1099 1324 1162 (5)
1349 1098 1544 1146 solebat.

560 1256 647 1301 IX.
676 1255 796 1301 Cum
815 1256 942 1302 enim
961 1255 1145 1302 assiduo
1165 1273 1217 1300 ac
1234 1273 1371 1320 paene
1389 1257 1622 1303 continuo
1637 1274 1745 1303 cum
1763 1257 1906 1304 Saxo-

493 1333 635 1380 nibus
659 1332 787 1380 bello
819 1343 1099 1390 certaretur,
1128 1332 1364 1397 dispositis
1395 1352 1480 1398 per
1513 1352 1720 1400 congrua
1751 1335 1907 1382 confi-

493 1412 689 1458 niorum
732 1410 832 1457 loca
881 1411 1111 1475 praesidiis
1131 1446 1145 1469 ,
1195 1412 1470 1475 Hispaniam
1512 1430 1653 1477 quam
1699 1414 1908 1459 maximo

491 1498 680 1553 poterat
704 1486 813 1534 belli
836 1499 1063 1552 apparatu
1082 1488 1371 1553 adgreditur,
1393 1490 1608 1554 saltuque
1632 1490 1823 1555 Pyrinei
1840 1491 1908 1553 (6)

495 1576 715 1630 superato
730 1601 742 1621 ‚
770 1564 992 1612 omnibus
1015 1584 1122 1630 quae
1141 1565 1317 1612 adierat
1337 1566 1523 1630 oppidis
1543 1577 1684 1632 atque
1709 1567 1908 1614 castellis

498 1644 546 1689 in
567 1643 858 1690 deditionem
879 1644 1104 1706 accepti5‚
1132 1643 1259 1690 salvo
1283 1654 1330 1690 et
1356 1644 1584 1690 incolumi
1605 1645 1675 1708 (7)
1700 1645 1909 1691 exercitu

496 1720 753 1766 revertitur
763 1738 775 1775 3
806 1730 981 1783 praetcr
998 1719 1127 1784 quod
1152 1720 1201 1765 in
1226 1720 1328 1783 ipso
1355 1720 1545 1785 Pyrinei
1566 1722 1683 1785 jugo
1702 1722 1909 1767 Wasco-

499 1797 653 1843 nicam
689 1797 758 1860 (8)
790 1796 1035 1860 perfidiam
1067 1815 1323 1861 parumper
1353 1798 1402 1843 in
1433 1798 1675 1846 redeundo
1708 1799 1910 1864 contigit

500 1874 721 1938 experiri.
743 1874 864 1920 Nam
888 1892 996 1920 cum
1019 1875 1205 1939 agmine
1229 1874 1399 1939 longo,
1423 1885 1476 1921 ut
1498 1876 1589 1922 loci
1615 1886 1661 1922 et
1679 1877 1910 1940 angustia-

499 1971 608 1999 rum
632 1954 746 2000 situs
763 1953 1093 2016 permittebat,
1116 1966 1364 2016 porrectus
1383 1954 1471 2001 iret
1496 1955 1746 2011 exercitus,
1771 1956 1910 2002 Was-

547 2200 598 2245 (1)
622 2198 741 2234 Codd.
761 2200 891 2239 aliubi,
913 2200 1014 2234 alibi.

550 2260 600 2302 (9.)
627 2258 718 2293 Cod.
740 2258 903 2292 Florent.
925 2272 1004 2304 per.

545 2315 598 2362 (3)
623 2315 714 2350 Cod.
736 2316 827 2362 ch.
848 2316 961 2351 Paris.
986 2316 1074 2359 4628
1093 2332 1098 2350 :
1119 2316 1331 2350 decretavit.

547 2376 596 2419 (4)
623 2374 712 2410 Cod.
732 2374 895 2409 Florent.
910 2375 1117 2421 .5uhripere;
1130 2375 1237 2409 codd.
1254 2374 1469 2411 Vindobon.
1485 2373 1551 2410 558
1561 2381 1597 2409 et
1613 2386 1675 2409 110
1689 2389 1696 2409 :
1712 2377 1907 2422 surripere.

549 2426 599 2477 (5)
625 2433 778 2467 Plurimi
800 2433 906 2469 codd.
928 2436 1122 2475 assentire,
1143 2433 1342 2468 adsentire.

549 2492 597 2536 (6)
623 2491 693 2526 All.
716 2492 878 2535 Pirenei,
900 2493 1053 2537 Pirinei,
1080 2494 1243 2537 Perimes,
1262 2493 1441 2541 Pyrenei,
1462 2492 1661 2539 Pyrenaei.

551 2551 600 2596 (7)
628 2551 729 2584 Pcriz
754 2567 759 2584 :
784 2552 963 2586 incolomi.

550 2611 599 2651 (ὃ)
626 2610 695 2644 Sic.
719 2612 761 2645 l).
786 2611 900 2659 Bonq.
922 2625 1004 2646 cum
1032 2612 1201 2659 plurimis
1222 2611 1351 2653 codd.;
1379 2623 1452 2645 non
1474 2609 1563 2643 nulli
1584 2616 1704 2644 autem
1726 2625 1730 2641 1
1759 2608 1908 2643 Wasca-

506 2682 625 2710 swam,
654 2671 891 2707 Isim-conani.
918 2674 1171 2708 G11ascm11mz5
1193 2672 1295 2705 Pei—iz
1321 2687 1325 2703 t
1357 2671 1598 2705 W'ascam'am.
