1924 3183
421 194 497 231 222
1000 186 1245 224 KAROLUS.

420 294 579 324 suram
602 275 800 321 fluvium
824 291 847 321 a
873 272 1136 320 Saxonibus
1164 289 1258 319 esse
1282 272 1563 335 interceptas
1586 282 1726 336 atque
1750 273 1831 320 de—

420 356 551 402 letas.
575 353 718 417 Cujus
740 352 808 399 rei
834 351 1008 398 nuntio
1029 360 1250 414 accepto,
1272 349 1649 415 magnitudinem
1674 349 1831 397 damni

422 431 740 488 dissimulans,
761 430 851 477 iter
869 430 916 475 in
943 429 1237 475 Pannoniam
1262 427 1518 475 intermisit
1537 428 1708 488 (1).Et
1726 445 1833 475 cum

422 510 462 557 ei
494 526 767 573 persuasum
792 518 910 554 esset
934 525 956 552 a
981 504 1287 571 quibusdam,
1315 506 1396 570 qui
1431 504 1477 550 id
1509 504 1596 551 sibi
1622 523 1834 570 comper-

421 598 525 633 tum
549 603 642 633 esse
665 585 910 641 dicebant,
937 583 1066 649 quod
1098 584 1134 629 si
1172 583 1297 629 iuter
1335 582 1613 628 Radantiam
1642 594 1688 629 et
1719 583 1837 630 Alo-

425 682 618 712 monam
639 665 710 728 (2)
732 663 900 709 fluvios
916 661 1142 725 ejusmodi
1162 661 1282 708 fossa
1303 661 1577 716 duceretur,
1600 679 1706 725 quae
1723 672 1837 708 esset

427 744 616 789 navium
657 759 822 805 capax,
852 757 985 803 posse
1024 738 1358 802 percommode
1383 738 1456 801 (5)
1482 756 1504 783 a
1538 737 1757 784 Danubio
1789 739 1837 784 in

425 822 640 866 Hrenum
678 817 912 881 navigari,
953 817 1061 880 quia
1097 815 1269 862 horum
1305 815 1564 862 fluviorum
1601 815 1720 860 alter
1742 815 1838 861 Da-

426 895 604 951 nubio,
640 894 758 940 alter
794 893 963 939 Moeno
994 892 1245 947 miscetur,
1281 891 1533 937 confestim
1565 909 1673 936 cum
1708 890 1838 937 omni

427 973 656 1020 comitatu
679 987 763 1016 suo
786 969 842 1015 ad
862 969 1021 1017 locum
1046 970 1117 1032 (4)
1144 968 1299 1024 venit,
1327 986 1378 1014 ac
1402 986 1566 1032 magna
1593 968 1840 1014 hominum

429 1049 736 1096 multitudine
755 1057 1059 1112 congregata,
1084 1057 1238 1092 totum
1262 1047 1478 1091 autumni
1507 1057 1691 1109 tempus
1718 1047 1767 1091 in
1786 1063 1841 1092 eo

428 1146 570 1194 opere
598 1127 907 1190 consumpsit.
951 1127 1101 1171 Ducta
1133 1135 1202 1171 est
1226 1125 1386 1189 itaque
1420 1124 1538 1170 fossa
1569 1125 1693 1170 inter
1722 1141 1844 1187 prae-

428 1208 579 1253 dictos
602 1205 772 1251 fluvios
795 1204 942 1249 duum
958 1202 1164 1249 millium
1185 1219 1405 1265 passuum
1428 1201 1749 1266 longitudine,
1773 1202 1844 1247 la-

430 1284 635 1330 titudine
682 1291 1008 1329 trecentorum
1050 1279 1248 1343 pedum3
1281 1279 1359 1325 sed
1398 1280 1444 1325 in
1483 1297 1678 1325 cassum.
1723 1279 1843 1326 Nam

428 1371 628 1425 propter
645 1362 778 1423 juges
799 1358 980 1422 pluvias
1013 1368 1059 1403 et
1090 1367 1290 1413 terram,
1317 1373 1423 1420 quae
1460 1357 1678 1422 palustris
1714 1367 1840 1413 erat,

429 1439 580 1484 nimio
597 1436 796 1483 humore
806 1435 1085 1482 naturaliter
1098 1433 1339 1489 infectam,
1354 1451 1472 1497 opus
1481 1432 1609 1497 quod
1622 1432 1758 1479 fiebat
1772 1434 1791 1497 ζ
1798 1434 1843 1496 5)

431 1515 686 1561 consistere
719 1531 817 1560 non
844 1512 1004 1576 potuit
1014 1531 1027 1568 ;
1066 1510 1144 1558 sed
1161 1521 1395 1576 quantum
1419 1510 1627 1557 interdiu
1656 1521 1796 1557 terrae
1820 1528 1843 1555 a

431 1590 687 1638 fossoribus
726 1590 880 1636 fuerat
916 1598 1149 1653 egestum,
1188 1597 1375 1632 tantum
1415 1585 1662 1643 noctibus,
1699 1586 1846 1633 humo

433 1670 608 1715 iterum
632 1668 680 1713 in
708 1667 869 1713 locum
899 1683 1037 1710 suum
1064 1664 1332 1720 relabente,
1361 1663 1646 1710 subsidebat.
1677 1665 1730 1709 In
1756 1664 1846 1711 hoc

434 1764 576 1812 opere
600 1756 830 1810 occupato
850 1743 944 1790 duo
970 1743 1102 1789 valde
1127 1742 1421 1807 displicentia
1441 1742 1497 1789 de
1521 1741 1712 1790 diversis
1743 1753 1846 1789 ter-

433 1843 595 1871 rarum
621 1823 835 1888 partibus
862 1822 997 1868 allata
1021 1831 1153 1878 sunt3
1177 1838 1328 1867 unum
1355 1831 1454 1867 erat
1478 1821 1719 1867 Saxonum
1739 1837 1846 1866 Om-

432 1903 621 1950 nimoda
656 1902 883 1957 defectio,
927 1900 1129 1946 alterum
1168 1899 1298 1964 quod
1339 1899 1581 1944 Sarraceni
1620 1898 1847 1962 Septima-

435 1982 563 2027 niam
589 1979 809 2043 ingressi,
828 1977 1093 2042 praelioque
1114 1994 1221 2022 cum
1242 1975 1366 2020 illius
1389 1975 1550 2021 limitis
1574 1973 1846 2021 custodibus

433 2069 572 2123 atque
589 2055 842 2103 comitibus
859 2064 1079 2101 conserto
1095 2089 1107 2109 ,
1132 2053 1294 2098 multis
1316 2053 1610 2100 Francorum
1629 2052 1846 2100 interfec-

481 2236 530 2279 (ε)
557 2233 716 2267 Nuenar.
739 2244 833 2265 com.
852 2238 888 2264 et
907 2230 952 2263 D.
972 2229 1086 2276 Bouq.
1102 2230 1307 2263 intermisit.
1326 2228 1551 2262 Persuasum
1570 2234 1655 2262 tunc
1672 2229 1752 2274 regi
1767 2233 1845 2261 erat

436 2297 467 2327 xi
485 2296 638 2326 intera...

482 2354 530 2397 (2)
556 2351 612 2386 Al.
645 2349 861 2384 Adantiam.
882 2368 926 2374 —
948 2347 1018 2382 All.
1050 2348 1289 2388 Alamonam,
1321 2346 1552 2387 Alimonam,
1583 2345 1842 2385 Alomoneam,

436 2414 646 2447 Almonum.

483 2471 530 2517 (5)
557 2472 600 2505 D.
623 2472 736 2516 bouq.
757 2481 841 2503 cum
858 2468 889 2503 N
896 2480 1018 2502 uenar.
1041 2466 1174 2500 comite
1191 2466 1320 2512 :fossa
1337 2466 1483 2499 navium
1500 2476 1621 2509 capam=
1640 2463 1841 2505 (laceram,

434 2544 540 2577 posse
557 2528 752 2564 commode.

482 2592 535 2634 (4)
558 2589 673 2623 Iidem
695 2604 699 2621 ς
725 2600 790 2622 suo
809 2600 848 2621 eo
868 2589 983 2621 venit.

483 2647 531 2692 (5)
558 2648 601 2681 D.
623 2647 735 2692 Bouq.
752 2658 833 2680 cuni
852 2645 1013 2679 Nuenar.
1031 2641 1183 2676 comite:
1200 2640 1347 2674 humore
1365 2645 1493 2684 suapte
1511 2645 1644 2674 natura
1655 2639 1839 2681 imbutam,

436 2712 589 2750 ιη’μίιιιη
609 2718 711 2750 opus.
