1924 3183
410 112 495 162 *156
999 108 1249 147 KAROLUS.

415 205 752 254 supervacuam
781 188 1015 253 patienter
1043 190 1114 252 (ι)
1145 188 1274 234 tulit.
1300 186 1663 253 Celebravitque
1688 189 1830 235 Nata-

416 268 510 315 lem
530 266 722 316 Domini
749 266 1012 324 Attiniaco,
1039 277 1086 314 et
1104 264 1277 312 Pascha
1302 264 1591 312 Haristallio.

963 409 1286 458 DCCLXXII.

481 516 647 563 Romae
672 514 913 579 Stephano
936 533 1053 580 papa
1076 513 1305 562 defuncto
1320 549 1334 573 ,
1355 513 1619 559 Hadrianus
1639 513 1687 559 in
1710 531 1831 577 pon-

417 592 599 639 tificatu
621 593 857 640 successit.
884 594 985 640 Rex
1010 610 1121 640 vero
1142 592 1366 647 Karolus‚
1396 601 1683 656 congregato
1707 591 1831 655 apud

416 671 741 719 Wormaciam
765 671 971 736 generali
997 681 1237 718 conventu
1257 706 1270 727 ,
1313 669 1562 716 Saxoniam
1598 667 1727 716 bello
1750 687 1829 733 ag-

414 747 545 812 gredi
581 749 772 804 statuit,
809 766 1006 812 eamque
1039 748 1139 794 sine
1163 764 1296 794 mora
1330 747 1590 811 ingressus,
1619 745 1751 793 ferro
1783 757 1830 793 et

416 826 525 890 igne
545 836 714 871 cuncta
730 825 1040 889 depopulatus
1055 861 1069 882 ‚
1091 823 1437 888 AEresburgum
1460 833 1665 870 castrum
1683 823 1824 887 cepit,

416 901 598 949 idolum
644 900 774 967 quod
815 902 1037 948 Irminsul
1077 902 1146 965 (2)
1188 919 1212 947 a
1262 900 1530 948 Saxonibus
1571 899 1829 947 vocabatur

415 980 603 1027 evertit.
633 981 687 1025 In
713 982 844 1043 cujus
867 979 1190 1027 destructione
1219 997 1326 1026 cum
1352 979 1402 1025 in
1430 978 1594 1026 eodem
1618 979 1725 1025 loco
1746 996 1829 1041 per

416 1058 628 1105 triduum
653 1069 942 1114 moraretur,
976 1058 1178 1122 contigit
1211 1068 1288 1113 ut,
1320 1066 1518 1122 propter
1548 1056 1826 1103 continuam

416 1137 528 1183 coeli
549 1136 849 1183 serenitatem
879 1136 1118 1182 exsiccatis
1138 1135 1361 1182 omnibus
1384 1135 1510 1181 illius
1534 1134 1626 1182 loci
1646 1135 1758 1180 rivis
1776 1152 1828 1180 ac

414 1212 657 1269 fontibus,
684 1230 802 1277 aqua
827 1211 882 1258 ad
907 1212 1171 1259 bibendum
1193 1212 1397 1258 inveniri
1422 1229 1522 1259 non
1541 1222 1715 1276 posset.
1738 1211 1826 1257 Sed

414 1308 474 1338 ne
493 1289 670 1336 diutius
687 1291 764 1336 siti
789 1290 1032 1337 confectus
1056 1289 1295 1336 laboraret
1314 1290 1570 1347 exercitus,
1598 1289 1826 1335 divinitus

413 1367 591 1414 factum
627 1368 855 1425 creditur,
886 1377 938 1414 ut
963 1367 1165 1433 quadam
1200 1368 1274 1414 die
1294 1404 1308 1425 ‚
1340 1385 1449 1414 cum
1474 1370 1609 1432 juxta
1642 1384 1826 1414 morem

415 1455 631 1509 tempore
664 1445 928 1493 meridiano
971 1447 1129 1492 cuncti
1164 1447 1494 1510 quiescerent,
1512 1448 1646 1510 juxta
1683 1463 1827 1492 mon-

420 1534 515 1570 tem
534 1524 632 1587 (3),
658 1524 740 1589 qui
764 1525 924 1570 castris
950 1536 1051 1571 erat
1077 1525 1355 1589 contiguus,
1384 1535 1511 1570 tanta
1531 1524 1599 1570 vis
1623 1541 1756 1588 aquae
1778 1524 1825 1568 in

417 1618 626 1647 concavo
649 1603 717 1665 (4)
745 1600 985 1666 cujusdam
1022 1602 1250 1649 torrentis
1284 1603 1494 1665 eruperit
1521 1637 1533 1658 ,
1571 1611 1623 1646 ut
1654 1611 1829 1646 cuncto

417 1680 644 1726 exercitui
688 1679 971 1726 sufficerent.
1007 1680 1134 1725 Tum
1158 1697 1271 1736 rex,
1304 1679 1432 1727 idolo
1466 1679 1710 1726 destructo
1732 1713 1744 1733 ,
1772 1677 1828 1723 ad

416 1758 661 1804 Wisuram
699 1757 898 1804 fluvium
923 1759 1115 1805 accessit
1134 1794 1146 1814 ‚
1183 1757 1343 1822 ibique
1372 1776 1394 1803 a
1429 1755 1693 1804 Saxonibus
1713 1757 1828 1803 duo-

415 1834 568 1882 decim
598 1835 782 1882 obsides
802 1836 998 1899 accepit.
1029 1835 1141 1882 Inde
1166 1836 1213 1881 in
1238 1836 1486 1882 Franciam
1510 1851 1747 1890 reversus,
1777 1834 1825 1880 in

415 1911 524 1957 villa
544 1912 815 1959 Haristallio
834 1923 881 1960 et
899 1912 1115 1959 Natalem
1132 1913 1324 1960 Domini
1343 1923 1388 1960 et
1408 1923 1615 1959 sanctam
1631 1911 1824 1958 Pascha-

417 1989 471 2034 lis
497 1990 603 2036 festi
628 1990 974 2038 solemnitatem
1002 1992 1068 2053 (5)
1094 1990 1365 2038 celebravit.

460 2175 500 2219 (ι)
519 2174 573 2209 Ita
592 2175 701 2210 habet
717 2175 821 2210 Pertz
833 2203 842 2219 ,
864 2183 901 2210 et
915 2183 1023 2211 recte.
1042 2177 1086 2211 D.
1104 2177 1217 2225 Bouq.
1236 2180 1478 2224 impatienter.

460 2242 511 2286 (2)
537 2241 628 2276 Cod.
661 2241 871 2277 vindobon.
896 2241 965 2285 654
988 2259 993 2277 ε
1017 2243 1219 2279 Irminsula
1245 2245 1469 2280 Saxonibus.
1497 2245 1588 2280 Cod.
1619 2244 1734 2290 ejusd.
1768 2245 1823 2279 bi-

416 2299 546 2335 blioth.
567 2313 635 2348 990
658 2316 663 2334 :
694 2302 882 2336 Yrtm'nsul
895 2302 1121 2338 saxonibus.

461 2365 511 2411 (5)
529 2367 575 2401 D.
599 2367 712 2414 Bouq.
731 2380 845 2413 prope
866 2374 1035 2402 montem.

462 2435 513 2479 (4)
531 2435 576 2469 D.
596 2435 711 2482 Bouq.
732 2448 912 2481 aquarum
931 2438 968 2470 in
987 2439 1222 2472 concavitate.

464 2503 514 2546 (5)
534 2502 575 2536 D.
597 2503 709 2550 Bouq.
729 2510 896 2540 sanctum
912 2504 1071 2539 Pascha²
