1924 3183
422 194 495 231 174
999 190 1243 228 KAROLUS.

417 280 632 327 vicorum
664 277 975 342 villarumque
1008 277 1128 333 fuit,
1165 277 1295 324 ferro
1334 288 1381 323 et
1413 277 1519 342 igne
1553 277 1822 341 depopulati

418 368 544 403 sunt.
582 356 686 401 Pari
730 355 873 403 modo
899 373 1023 401 sacra
1056 354 1347 419 profanaque
1372 355 1680 419 pessumdata.
1708 355 1824 402 Nul-

420 435 518 480 lum
544 433 693 479 aetatis
719 443 799 479 aut
825 450 958 479 sexus
984 434 1002 495 (
1015 432 1057 495 ι)
1078 432 1330 478 discrimen
1357 432 1423 477 ira
1448 431 1593 478 hostis
1624 432 1821 489 fecerat,

418 520 472 555 ut
501 509 683 575 liquido
714 520 978 574 appareret,
1003 526 1080 555 eos
1099 525 1199 555 non
1216 507 1476 572 praedandi,
1498 508 1576 555 sed
1596 508 1826 555 ultionem

419 587 664 634 exercendi
699 587 768 650 (2)
801 587 948 650 gratia
989 587 1279 632 Francorum
1316 585 1546 633 terminos
1588 586 1823 633 introisse.

419 665 562 729 Cujus
585 666 652 712 rei
689 666 919 711 nuncium
954 682 1061 710 cum
1100 681 1182 710 rex
1210 663 1333 727 apu'd
1357 663 1717 714 Autisiodorum
1754 664 1825 727 (5)

420 744 658 790 civitatem
691 743 964 807 accepisset,
993 742 1231 805 extemplo
1254 742 1459 788 Francos
1486 741 1737 788 orientales
1757 752 1829 787 at-

418 838 509 886 que
526 821 811 866 Alamannos
830 819 886 865 ad
905 817 1278 882 propulsandum
1303 818 1485 865 hostem
1500 818 1722 864 festinare
1735 820 1829 881 jus-

422 898 500 943 sit.
529 899 629 961 Ipse
657 896 837 942 caeteris
871 895 1017 958 copiis
1042 894 1270 951 dimissis,
1293 894 1616 941 Heristallium
1639 894 1824 951 villam,

421 979 468 1020 in
494 991 586 1039 qua
607 973 813 1020 hiemare
840 973 1176 1028 constituerat,
1201 972 1349 1019 venit.
1374 973 1436 1018 At
1458 972 1625 1018 Franci
1648 982 1696 1018 et
1717 970 1829 1017 Ala-

418 1052 578 1098 manni
604 1051 685 1115 qui
711 1062 877 1097 contra
903 1051 1108 1097 Saxones
1133 1051 1258 1096 missi
1285 1062 1443 1108 erant,
1473 1050 1654 1114 magnis
1688 1050 1827 1096 itine-

418 1128 549 1174 ribus
565 1128 622 1174 ad
644 1145 721 1174 eos
742 1128 808 1174 ire
830 1127 1149 1186 contendunt,
1169 1127 1203 1172 si
1228 1126 1354 1174 forte
1372 1128 1420 1174 in
1444 1126 1619 1174 finibus
1642 1127 1734 1172 suis
1752 1143 1829 1173 eos

418 1207 629 1253 invenire
650 1217 853 1269 possent.
879 1205 969 1252 Sed
995 1205 1091 1262 illi,
1106 1208 1204 1269 jam
1227 1223 1277 1252 re
1302 1217 1506 1269 peracta,
1534 1203 1828 1253 reverteban-

418 1294 497 1328 tur
518 1283 574 1329 ad
601 1301 696 1328 sua.
740 1282 956 1342 Quorum
978 1283 1168 1347 vestigia
1198 1285 1383 1348 sequuti
1409 1285 1492 1348 qui
1517 1302 1539 1329 a
1566 1300 1673 1348 rege
1700 1284 1825 1329 missi

416 1359 636 1416 fuerunt,
664 1360 711 1405 in
741 1375 862 1423 pago
892 1360 1163 1405 Hassiorum
1191 1377 1331 1423 super
1365 1359 1563 1406 fluvium
1592 1359 1828 1406 Adernam

417 1436 707 1500 iteragentes
732 1435 1021 1482 invenerunt
1046 1438 1138 1499 (4),
1168 1453 1339 1501 eosque
1363 1437 1522 1482 statim
1547 1437 1596 1482 in
1618 1436 1717 1500 ipso
1736 1436 1828 1482 flu-

414 1513 556 1559 minis
576 1512 694 1559 x‘ado
719 1512 898 1569 adorti,
922 1523 1050 1558 tanta
1076 1524 1228 1578 strage
1253 1514 1550 1571 ceciderunt,
1585 1523 1639 1559 ut
1662 1531 1719 1560 ex
1748 1514 1827 1559 in-

414 1591 543 1654 genti
567 1589 876 1636 multitudine
892 1591 1102 1654 ipsorum
1126 1592 1204 1637 vix
1223 1593 1357 1655 pauci
1384 1591 1579 1637 domum
1602 1590 1826 1655 fugiendo

415 1669 679 1732 pervenisse
704 1668 940 1715 dicantur.

943 1809 1294 1856 DCCLXXIX.

478 1916 541 1961 At
572 1933 654 1962 rex
689 1915 746 1961 de
772 1916 1040 1963 Heristallio
1058 1952 1071 1972 ‚
1100 1915 1181 1961 ubi
1211 1915 1496 1963 hiemaverat
1519 1927 1566 1963 et
1589 1916 1668 1963 ubi
1696 1928 1825 1964 nata-

413 1995 504 2040 lem
529 1993 723 2038 Domini
765 2010 816 2038 ac
856 2003 1070 2039 sanctum
1104 1993 1275 2040 Pascha
1303 1992 1640 2051 celebraverat,
1673 1996 1823 2059 prima

412 2072 533 2117 veris
564 2071 791 2133 temperie
815 2088 1009 2117 movens
1028 2107 1038 2125 ,
1066 2070 1415 2134 Compendium
1438 2072 1586 2118 venit.
1617 2072 1680 2117 Et
1716 2090 1823 2118 cum

414 2148 545 2204 inde,
578 2155 770 2210 peracto
795 2156 993 2210 propter
1029 2146 1159 2210 quod
1189 2157 1384 2193 venerat
1412 2148 1633 2212 negotio,
1662 2165 1824 2195 rever-

413 2225 559 2279 tisset,
575 2223 785 2270 occurrit
804 2224 844 2269 ei
872 2222 1209 2269 Hildibrandus
1226 2224 1292 2287 (5)
1313 2223 1407 2270 dux
1427 2225 1695 2289 Spolitanus
1715 2242 1823 2270 cum

456 2403 505 2448 (1)
531 2401 682 2436 Freher.
703 2413 815 2435 sexus
831 2407 896 2434 αιιί
914 2414 1104 2435 sacrarum
1122 2404 1321 2448 virginum.

455 2463 504 2506 (2)
531 2461 693 2495 Nuenar.
711 2473 803 2494 com.
825 2461 973 2495 ultionis
990 2461 1219 2495 usercendoe.

455 2518 503 2564 (3)
529 2519 587 2554 Sic
616 2520 658 2552 D.
691 2519 804 2565 Bouq.
835 2531 916 2553 cum
948 2520 1035 2553 trib.
1068 2519 1174 2553 codd.
1206 2519 1277 2554 All.
1310 2520 1614 2556 Antesz‘od01·11m.
1648 2522 1819 2557 Altissio-

410 2578 552 2612 durum.

458 2638 505 2680 (4)
532 2636 652 2669 Numi.
674 2649 766 2670 com.
792 2643 1017 2682 repererunt.

458 2693 506 2733 Ὶ5)
535 2693 604 2726 ΑΗ.
630 2694 918 2737 ΙῘίῖτΙυὸιτιηίίιις,
943 2695 1215 2729 Hz'ltibrandus.
