1924 3183
299 159 377 195 2380
815 153 1187 192 HLUDOWICL'S.

296 248 423 307 jusso
440 278 451 298 ,
499 251 697 305 propter
742 240 880 287 famae
920 241 1256 287 certitudinem
1305 243 1684 305 comperiendam
1704 279 1716 298 ‚

301 321 568 368 Bertricum
603 318 762 383 palatii
795 319 1021 366 comitem
1051 317 1107 363 ad
1138 317 1408 364 Baldricum
1434 329 1480 365 et
1510 318 1721 367 Gerhol-

301 398 417 444 dum
438 398 634 444 comites
654 406 701 443 et
723 396 910 444 Avarici
936 396 1101 441 limitis
1126 396 1341 443 custodes
1364 397 1413 442 in
1439 398 1723 444 Carantano-

306 492 413 519 rum
439 473 736 538 provinciam
766 473 926 530 misit,
958 473 1040 536 qui
1071 489 1179 518 cum
1211 490 1425 519 reversus
1455 472 1575 519 nihil
1607 474 1723 520 certi

303 568 444 615 super
464 549 535 596 his
554 567 662 614 quae
684 549 803 595 fama
829 549 1101 613 vulgaverat
1123 559 1410 613 reportasset
1426 585 1438 607 ,
1463 550 1726 613 imperator

305 631 511 694 legatum
546 628 603 674 ad
640 616 694 675 se*
722 638 972 674 evocatum
1008 628 1107 674 sine
1140 627 1312 674 litteris
1347 645 1555 674 remeare
1591 627 1721 675 fecit.

305 709 488 753 Interea
505 706 736 770 Pippinus
754 723 854 762 rex,
876 706 999 751 filius
1021 706 1338 769 imperatoris,
1360 715 1421 750 ut-
1427 707 1583 769 jussus
1605 716 1724 761 erat,

306 802 415 830 cum
440 784 533 830 suis
560 781 871 847 optimatibus
904 793 949 829 et
981 783 1221 846 Hispanici
1256 782 1421 829 limitis
1454 781 1728 830 custodibus

308 861 430 907 circa
451 859 669 906 kalendas
684 858 943 906 februarias
960 859 1272 923 Aquasgrani‚
1292 877 1403 904 nam
1428 857 1490 904 ibi
1515 869 1629 904 tunc
1647 859 1730 904 im-

311 948 503 1003 perator
524 936 829 995 hiemaverat,
846 937 977 982 venit
991 971 1003 992 ‚
1028 953 1136 982 cum
1151 936 1325 1000 quibus
1340 954 1449 982 cum
1466 936 1523 983 de
1543 935 1730 983 tuendis

310 1026 477 1062 contra
503 1015 757 1061 Saracenos
782 1013 1149 1061 occidentalium
1173 1015 1383 1078 partium
1414 1014 1589 1060 finibus
1615 1024 1731 1062 esset

312 1103 568 1139 tractatum
591 1102 732 1156 atque
756 1091 1038 1155 dispositum
1066 1091 1165 1154 (ι),
1201 1092 1429 1155 Pippinus
1454 1092 1503 1137 in
1528 1091 1732 1156 Aquita-

312 1171 441 1216 niam
465 1186 727 1234 regressus,
755 1179 968 1215 aestatem
992 1169 1040 1215 in
1062 1169 1289 1232 deputato
1313 1167 1401 1214 sibi
1426 1169 1533 1216 loco
1554 1181 1733 1216 transe-

311 1249 380 1312 git
414 1248 505 1311 (2).
547 1247 814 1310 Imperator
852 1263 965 1293 vero
1003 1246 1161 1294 medio
1197 1264 1357 1293 mense
1394 1249 1520 1294 maio
1558 1247 1735 1313 Aquis—

311 1325 447 1390 grani
469 1342 695 1389 egressus,
716 1325 837 1370 circa
857 1324 1076 1371 kalendas
1089 1325 1211 1388 junii
1234 1325 1288 1371 ad
1310 1325 1568 1391 Ingelheim
1582 1326 1730 1382 venit,

314 1402 574 1468 habitoque
611 1401 674 1448 ibi
715 1413 956 1449 conventu
993 1419 1091 1449 non
1126 1403 1342 1460 modico,
1381 1404 1552 1450 multas
1592 1415 1639 1451 et
1680 1421 1736 1451 ex

313 1480 508 1526 diversis
545 1491 780 1527 terrarum
812 1479 1027 1544 partibus
1060 1480 1219 1527 missas
1260 1481 1516 1546 legationes
1558 1482 1738 1527 audivit

314 1569 362 1605 et
388 1557 609 1605 absolvit.
640 1559 772 1605 Inter
802 1575 915 1622 quas
942 1559 1180 1622 praecipua
1208 1559 1485 1624 caeterisque
1513 1559 1737 1623 praeemi-

314 1654 433 1682 nens
466 1646 565 1682 erat
596 1635 769 1699 legatio
805 1645 979 1681 sanctae
1016 1635 1134 1682 sedis
1170 1636 1469 1699 apostolicae,
1509 1638 1737 1683 Romanae

315 1712 535 1759 videlicet
554 1712 778 1759 Ecclesiae
808 1714 902 1775 (5),
927 1730 1019 1777 qua
1043 1712 1369 1778 fungebantur
1395 1715 1490 1760 Leo
1517 1714 1740 1761 Centum-

317 1791 530 1838 cellensis
551 1791 797 1855 episcopus
813 1826 824 1846 ,
848 1802 894 1837 et
913 1790 1299 1856 Theophylactus
1322 1791 1670 1847 nomenclator,
1693 1801 1740 1836 et

315 1869 372 1916 de
405 1868 620 1932 partibus
653 1870 979 1914 transmarinis
1010 1869 1290 1916 Dominicus
1318 1868 1459 1915 abhas
1487 1868 1544 1915 de
1574 1879 1741 1915 monte

318 1946 514 2002 Oliveti3
540 1946 677 2011 legati
696 1963 888 2011 quoque
909 1945 1119 1992 filiorum
1139 1945 1416 2003 Godofridi‚
1441 1947 1562 2010 regis
1581 1946 1741 1992 Dano—

318 2043 427 2071 rum
445 2061 457 2080 ,
484 2025 609 2088 pacis
633 2042 685 2070 ac
709 2025 905 2071 foederis
931 2042 1061 2071 causa
1090 2024 1286 2081 directi,
1313 2035 1360 2071 et
1382 2024 1439 2071 de
1463 2024 1741 2072 sclavorum

318 2101 595 2167 regionibus
616 2102 810 2166 quidam
826 2101 1175 2149 Abodritorum
1196 2104 1430 2166 primores
1453 2103 1526 2166 (4)
1550 2101 1743 2149 Ceadra-

316 2198 431 2245 gum
449 2180 616 2226 ducem
637 2197 775 2226 suum
795 2190 1083 2225 accusantes.
1114 2179 1436 2226 Accusabatur
1458 2190 1504 2225 et
1521 2178 1712 2243 Tunglo
1726 2214 1739 2234 ‚

320 2276 444 2305 unus
463 2257 519 2304 de
539 2257 831 2305 Soraborum
848 2257 1161 2322 primoribus,
1184 2258 1313 2322 quod
1335 2268 1380 2304 et
1404 2259 1500 2321 ipse
1519 2256 1649 2303 dicto
1668 2273 1745 2302 au-

372 2471 420 2511 {1}
451 2469 490 2501 D.
511 2469 625 2514 Rouq.
644 2480 726 2501 cuin
747 2467 905 2500 Imenar.
930 2466 1062 2499 comite
1083 2481 1087 2498 1
1113 2472 1135 2497 t.
1155 2471 1188 2497 et
1207 2465 1429 2498 conclusum.

374 2539 420 2581 Ἥ)
442 2536 561 2570 iidem
583 2553 586 2569 z
614 2548 803 2581 regressus*
822 2534 953 2568 ibidem
975 2540 1084 2566 lofam
1106 2539 1313 2578 ,wnsncltlcnz
1331 2538 1493 2566 curtalem
1516 2532 1707 2575 lrtztzvegil.

389 2603 423 2635 3*
452 2604 565 2638 Iidem
591 2620 595 2637 ς
621 2606 755 2649 legalia
775 2603 1146 2647 Ji‘crmzr‘misimililicixp

375 2675 421 2711 'is'
452 2672 560 2705 lidffln
587 2688 589 2690 ·
616 2671 878 2705 :ll›01l1·zl.1›rmn
897 2672 1092 2715 principes.
