2043 3193
477 161 524 198 38
810 155 932 192 VITA
963 153 1157 192 KAROLI
1192 149 1555 190 IMPERATORIS.

475 244 698 291 assentire
721 240 932 289 deberet.
961 241 1132 305 Sicque
1149 237 1276 285 bello
1290 273 1304 294 ‚
1328 237 1459 302 quod
1476 238 1607 302 quasi
1632 238 1893 284 maximum

473 324 693 369 futurum
734 319 1002 377 videbatur,
1045 317 1320 365 celerrimus
1368 326 1436 363 est
1476 315 1585 362 finis
1622 315 1889 379 impositus.

476 399 657 446 Tassilo
677 399 750 463 (1)
771 408 927 444 tamen
954 395 1261 460 postmodum
1285 393 1342 440 ad
1361 411 1521 457 regem
1537 402 1779 449 evocatus,
1807 410 1897 440 ne-

474 494 567 541 que
591 475 746 523 redire
769 475 1046 538 permissus3
1073 487 1228 536 neque
1250 470 1496 535 provincia
1521 486 1665 534 quam
1685 468 1895 526 tenebat,

476 554 677 602 ulterius
707 553 842 610 duci,
875 550 956 599 sed
989 547 1247 597 comitibus
1276 547 1334 595 ad
1364 546 1628 613 regendum
1650 547 1898 596 commissa

479 643 565 679 est.

544 789 656 836 XII.
694 787 776 834 His
806 785 1021 833 motibus
1046 785 1109 830 ita
1135 784 1437 848 compositis,
1474 783 1651 829 Sclavis
1675 783 1758 847 qui
1785 799 1904 828 nos-

479 876 550 913 tra
576 863 920 913 consuetudine
944 861 1091 908 Wilzi
1123 861 1217 924 (2),
1238 860 1436 925 proprie
1466 876 1581 907 vero
1597 896 1610 918 ,
1654 858 1701 904 id
1732 867 1802 906 est
1824 876 1903 904 sua

478 944 723 992 locutione
746 941 843 1005 (5),
868 937 1112 987 Welatabi
1133 939 1208 1003 (4)
1233 938 1481 995 dicuntur,
1502 935 1683 983 bellum
1701 935 1906 982 inlatum

479 1031 564 1067 est.
617 1021 672 1066 In
705 1036 804 1084 quo
836 1026 884 1065 et
924 1018 1159 1074 Saxones,
1195 1016 1327 1063 velut
1356 1015 1604 1062 auxiliares
1641 1014 1731 1077 (5),
1780 1014 1908 1060 inter

480 1106 671 1144 caeteras
707 1095 923 1142 nationes
949 1110 1058 1159 quae
1083 1093 1205 1158 regis
1233 1092 1365 1157 signa
1382 1096 1524 1156 jussae
1550 1091 1618 1153 (6)
1640 1089 1908 1155 sequeban-

479 1184 577 1230 tur,
616 1189 889 1238 quanquam
922 1171 1030 1217 ficta
1054 1181 1102 1218 et
1120 1171 1279 1217 minus
1298 1171 1467 1217 devota
1492 1167 1763 1216 obedientia
1777 1203 1791 1224 ,
1814 1167 1908 1213 mi-

483 1249 698 1296 litabant.
744 1249 888 1294 Causa
926 1247 1037 1294 belli
1077 1256 1207 1305 erat,
1245 1245 1375 1311 quod
1405 1244 1666 1292 Abodritos
1702 1245 1789 1307 (7),
1825 1244 1908 1308 qui

481 1344 588 1374 cum
613 1327 808 1381 Francis
838 1327 954 1374 olim
986 1325 1210 1373 foederati
1243 1334 1404 1381 erant,
1432 1322 1612 1370 assidua
1637 1322 1911 1369 incursione

481 1407 775 1454 lacescebant
795 1441 809 1462 ,
835 1423 923 1452 nec
940 1403 1234 1469 jussionibus
1259 1403 1467 1451 coerceri
1494 1411 1738 1467 poterant.
1768 1401 1911 1447 Sinus

482 1484 677 1549 quidam
697 1485 764 1546 (8)
781 1482 840 1529 ab
854 1483 1136 1530 occidentali
1161 1482 1349 1529 Oceano
1367 1481 1606 1528 orientem
1624 1497 1786 1526 versus
1801 1496 1914 1544 por-

482 1563 676 1627 rigitur,
720 1560 1036 1625 longitudinis
1073 1559 1268 1624 quidem
1309 1560 1652 1622 incompertae,
1693 1556 1912 1603 latitudi-

484 1639 558 1684 nis
603 1639 671 1702 (9)
710 1654 825 1684 vero
865 1654 973 1701 quae
1016 1653 1252 1701 nusquam
1291 1645 1485 1683 centum
1527 1634 1658 1681 milia
1691 1651 1913 1698 passuum

487 1844 705 1880 lectionibus
723 1844 912 1889 conflata).
936 1864 979 1869 —
1000 1844 1165 1878 Pertzius
1184 1859 1189 1876 :
1212 1843 1259 1877 ab
1287 1842 1386 1876 illius
1403 1846 1585 1888 potestate
1603 1839 1657 1874 ad
1672 1839 1913 1886 desectionem

490 1907 627 1940 nemini
644 1904 827 1939 suadenti.
849 1925 888 1931 ,-
904 1904 974 1939 Cui
992 1903 1140 1937 lectioni
1165 1902 1245 1936 cod.
1269 1902 1381 1936 Paris.
1408 1901 1537 1943 lectio,
1557 1907 1599 1935 ut
1621 1899 1790 1941 lucidior,
1815 1906 1915 1933 ante-

489 1963 657 2011 ponenda
685 1963 757 1996 visa
777 1970 840 1997 est.
862 1983 903 1987 ——
923 1961 1015 1996 Cod.
1040 1961 1133 2008 Reg.
1155 1962 1238 1995 Par.
1262 1959 1354 2008 5927
1376 1954 1442 2007 pro
1470 1959 1523 1994 ad
1544 1959 1787 2005 defectionem
1805 1957 1913 1992 habet

491 2035 533 2057 nc
550 2023 783 2070 defensionoe
802 2020 969 2056 nonnulli
985 2020 1091 2055 codd.
1114 2019 1165 2055 ad
1178 2020 1445 2067 dqfensc‘onem,
1464 2019 1564 2067 quod
1579 2029 1685 2053 sensu
1701 2024 1809 2052 caret.

537 2085 589 2129 (ι)
615 2082 706 2118 Cod.
728 2081 908 2117 Christin.
930 2081 1065 2127 Regin.
1088 2080 1155 2127 692
1178 2096 1183 2114 :
1214 2081 1388 2115 Tassalo.

538 2144 588 2187 (Ἃ)
615 2141 686 2177 All.
715 2141 838 2182 Wilci‚
871 2140 1005 2181 Uz'ltlcl',
1035 2139 1152 2182 Wilzi,
1182 2138 1320 2179 Willzi,
1344 2139 1480 2181 Vuz’lzz',
1509 2138 1632 2179 Uulci,
1661 2135 1781 2177 Uulzi,
1807 2134 1915 2171 lVlzt'.

503 2202 601 2235 Wlti.
1589 2189 1596 2196 ’

542 2259 593 2305 (5)
620 2259 784 2294 h'uenar.
804 2270 924 2292 comes
947 2274 951 2291 z
980 2259 1122 2303 lingua.

540 2322 592 2364 (4)
619 2318 691 2354 All.
727 2318 938 2361 Uneletalu'‚
966 2317 1164 2360 lVelmabi,
1194 2315 1418 2359 Weletabili,
1444 2314 1632 2357 Velatabz',
1661 2312 1831 2347 lVeltalnss

542 2379 593 2425 (5)
619 2379 720 2426 Sept.
742 2377 849 2412 codd.
872 2378 1127 2413 auxiliatores.

542 2440 592 2485 (6)
617 2439 709 2474 Cod.
728 2438 909 2474 Christin.
929 2437 1065 2483 Regin.
1084 2437 1151 2484 692
1172 2451 1178 2469 τ
1199 2433 1471 2483 J’1cstc·.-—Cod.
1489 2432 1698 2469 Cottonian.
1722 2447 1728 2464 z
1751 2437 1785 2465 et
1797 2431 1917 2477 jussa.

545 2500 595 2546 (7)
621 2498 680 2533 Al.
700 2498 905 2533 Allotritos.

545 2558 594 2603 (8)
621 2558 719 2604 Sept.
739 2557 844 2592 codd.
866 2556 1026 2603 quidem.

546 2620 595 2664 (9)
621 2617 739 2652 codd,
774 2618 1085 2659 Hannoveranus,
1118 2615 1338 2656 Gofflanus,
1377 2610 1621 2653 Monacensis,
1660 2615 1696 2643 ct
1726 2606 1918 2644 Vindobo-

506 2680 621 2713 11‹·nsis
640 2685 678 2712 [ιη
698 2690 765 2724 990
788 2678 918 2711 haben!
977 2676 1183 2711 lalilndinis
1205 2682 1348 2711 centum
1375 2674 1475 2707 milia
1493 2682 1670 2715 passuum
1699 2668 1856 2705 mccclii.
1878 2687 1922 2694 ——
