1924 3183
404 168 455 204 80
738 161 862 199 VITA
892 160 1082 200 KAROLI
1114 159 1473 199 IMPERATORIS.

403 245 650 313 giscendo,
693 245 770 293 sed
808 246 949 293 etiam
981 243 1274 309 desurgendo
1312 245 1381 307 (ι)
1420 244 1803 309 interrumperet.

404 326 524 371 Cum
559 324 630 387 (2)
666 323 950 371 calcearetur
982 332 1028 369 et
1058 322 1127 385 (3)
1161 321 1451 377 amiciretur,
1490 337 1589 368 non
1623 331 1808 368 tantum

404 403 577 449 amicos
613 401 918 458 admittebat,
959 418 1125 447 verum
1160 399 1333 454 etiam,
1374 399 1411 445 si
1449 416 1605 446 comes
1648 400 1809 464 palatii

404 480 538 527 litem
559 479 763 543 aliquam
781 495 875 526 esse
899 478 1077 525 diceret
1099 494 1207 543 quae
1230 476 1330 523 sine
1355 477 1451 540 ejus
1469 478 1602 540 jussu
1622 475 1810 523 definiri

406 574 506 603 non
531 567 712 621 posset,
741 555 898 601 statim
922 554 1160 618 litigantes
1191 552 1493 599 introducere
1516 551 1737 616 jubebat,
1765 562 1814 599 et

406 633 537 681 velut
568 650 656 697 pro
694 631 919 678 tribunali
955 631 1156 687 sederet,
1194 630 1276 676 lite
1308 629 1495 694 cognita
1531 629 1814 676 sententiam

407 711 593 758 dicebat
621 711 713 773 (4);
739 727 826 756 nec
857 708 946 756 hoc
977 719 1163 754 tantum
1190 725 1245 755 eo
1278 718 1518 771 tempore,
1544 707 1622 754 sed
1646 708 1811 766 etiam,

409 808 460 837 ea
483 789 558 836 die
578 787 804 854 quicquid
822 786 1070 851 cujuslibet
1087 786 1224 833 officii
1243 785 1476 850 agendum
1492 795 1571 832 aut
1596 786 1816 850 cuiquam

410 867 741 914 ministrorum
761 863 1104 929 injungendum
1120 873 1242 922 erat,
1264 863 1553 928 expediebat.

477 1173 639 1221 XXV.
679 1172 793 1218 Erat
820 1172 890 1235 (5)
915 1171 1184 1236 eloquentia
1214 1171 1429 1236 copiosus
1456 1180 1503 1216 et
1530 1169 1818 1227 exuberans,

414 1260 719 1314 poteratque,
755 1248 983 1314 quicquid
1015 1248 1178 1304 vellet,
1214 1249 1504 1311 apertissime
1539 1249 1817 1312 exprimere.

414 1328 511 1374 Nec
533 1327 689 1391 patrio
717 1337 905 1372 tantum
938 1343 1156 1373 sermone
1192 1335 1475 1384 contentus,
1510 1327 1651 1373 etiam
1684 1344 1822 1390 pere-

413 1405 562 1469 grinis
588 1404 760 1469 linguis
783 1403 1040 1451 ediscendis
1068 1420 1261 1468 operam
1282 1402 1515 1466 impendit
1529 1422 1542 1459 ;
1577 1404 1624 1450 in
1650 1402 1824 1468 quibus

416 1484 612 1530 latinam
653 1484 714 1529 ita
756 1482 955 1538 didicit,
999 1491 1052 1528 ut
1089 1499 1223 1546 aeque
1262 1481 1338 1527 illa
1382 1499 1434 1527 ac
1477 1482 1626 1546 patria
1662 1482 1823 1547 lingua

415 1577 552 1607 orare
574 1560 647 1623 (6)
679 1560 739 1604 sit
773 1559 964 1615 solitus3
990 1575 1192 1623 graecam
1220 1575 1333 1604 vero
1362 1558 1528 1605 melius
1563 1559 1825 1624 intelligere

416 1655 558 1702 quam
576 1636 889 1700 pronuntiare
909 1645 1095 1699 poterat
1114 1635 1203 1698 (7).
1230 1634 1360 1682 Adeo
1386 1635 1578 1700 quidem
1598 1634 1826 1682 facundus

417 1723 539 1770 erat,
567 1723 620 1759 ut
643 1713 783 1760 etiam
799 1712 1054 1758 didascalus
1072 1712 1140 1774 (8)
1166 1721 1427 1776 appareret..
1451 1711 1586 1758 Artes
1609 1714 1679 1777 (9)
1703 1712 1827 1759 libe-

419 1792 535 1839 rales
565 1791 899 1838 studiosissime
932 1790 1106 1847 coluit,
1143 1807 1398 1854 earumque
1427 1790 1645 1837 doctores
1674 1790 1826 1854 pluri-

419 1888 550 1916 mum
584 1879 855 1924 veneramS,
886 1869 1066 1932 magnis
1089 1867 1314 1915 afficiebat
1340 1868 1621 1915 honoribus.
1649 1870 1703 1914 In
1732 1868 1829 1915 dis-

465 2072 515 2116 (1)
539 2070 666 2113 Pertz,
699 2081 781 2103 cum
806 2068 886 2103 cod.
913 2069 1127 2104 Vindobon.
1151 2069 1219 2118 667
1246 2085 1252 2103 :
1282 2070 1567 2117 deresurgendo.
1594 2092 1635 2096 —-
1654 2070 1825 2117 Plerique

419 2130 527 2165 codd.
560 2128 804 2175 desurgendo.
829 2149 875 2155 —
902 2129 983 2163 Non
1010 2129 1100 2163 nulli
1128 2145 1135 2163 ;
1168 2130 1408 2177 resurgendo,
1438 2130 1670 2178 attingendo,
1699 2143 1825 2170 assur.-

420 2189 559 2236 geudo,
582 2188 779 2236 surgendo.
795 2210 836 2213 ——
855 2189 897 2222 D.
915 2189 1029 2236 Bouq.
1048 2189 1247 2235 surgendo.

465 2250 515 2295 (2)
540 2249 597 2284 Cf.
617 2250 718 2284 Suet.
740 2249 890 2295 Vespas.
913 2261 945 2283 c.
967 2260 1023 2283 αι.

465 2308 515 2354 (5)
541 2310 599 2344 Sic
616 2309 661 2343 D.
682 2309 795 2355 Bouq.
812 2315 847 2342 et
866 2307 1031 2356 plerique
1046 2308 1152 2343 codd.
1166 2328 1212 2334 —
1231 2308 1332 2342 Pertz
1352 2324 1357 2342 τ
1379 2315 1455 2343 aut.

466 2371 517 2416 (4)
543 2371 601 2406 Sic
620 2370 665 2404 D.
686 2370 799 2416 Bouq.
816 2389 863 2395 —
879 2368 985 2404 Pertz
1003 2385 1008 2403 ε
1027 2370 1198 2416 jussit....
1217 2368 1323 2403 dixit.

468 2429 518 2476 (5)
542 2430 600 2465 Cf.
620 2429 720 2463 Suet.
741 2430 836 2475 Aug.
859 2441 891 2463 c.
909 2428 966 2471 84.

470 2490 519 2535 (6)
544 2490 600 2525 Cf.
622 2490 722 2524 Suet.
744 2488 819 2523 Tit.
840 2501 871 2523 c.
892 2487 926 2523 5.

470 2551 519 2596 (7)
545 2549 601 2584 Cf.
624 2550 724 2583 Suet.
745 2550 839 2594 Aug.
859 2561 890 2582 c.
911 2548 967 2593 89.

470 2608 520 2651 (8)
546 2607 664 2641 Codd.
684 2607 915 2649 didascalus,
936 2605 1151 2648 (hamulus,
1173 2605 1371 2639 dicaculus,

472 2667 521 2712 (9)
546 2666 600 2699 Cf.
624 2665 722 2700 Suet.
745 2666 870 2700 Tiber.
893 2677 922 2699 c.
946 2677 1000 2711 70.
