2043 3193
520 231 568 268 Γ).
852 225 975 263 VITA
1005 225 1199 264 KAROLI
1231 223 1594 262 IMPERATORIS.

518 313 738 362 solvenda
771 312 971 359 Romam
1005 313 1300 360 sollemniter
1324 320 1673 370 commearent,
1711 322 1757 358 et
1789 328 1895 358 eum
1915 346 1929 367 ,

518 392 647 438 velut
674 390 926 437 dominum
958 390 1201 455 quondam
1237 407 1402 446 suum,
1433 389 1680 453 praeterire
1715 388 1927 444 nollent,

517 469 696 525 otium,
733 485 830 534 quo
854 469 1056 515 maxime
1088 467 1425 524 delectabatur,
1453 465 1616 513 crebra
1654 466 1935 513 salutatione

519 547 922 610 interrumpentes
943 581 957 602 ,
1012 544 1172 592 locum
1217 554 1403 591 mutare
1453 542 1764 607 compellunt.
1814 541 1937 589 Nam

519 623 839 688 hujuscemodi
872 623 1189 688 frequentiam
1219 640 1328 669 cum
1358 639 1442 669 suo
1472 621 1721 686 proposito
1751 621 1936 669 officere

516 702 729 759 vidisset,
762 701 931 748 relicto
965 710 1155 756 monte,
1190 701 1238 746 in
1275 700 1520 746 Samnium
1552 699 1848 763 provinciam
1879 697 1938 744 ad

518 779 860 826 monasterium
898 777 1046 824 sancti
1089 776 1331 823 Benedicti
1376 777 1521 823 situm
1562 777 1612 823 in
1648 786 1803 823 castro
1841 775 1936 821 Ca-

519 858 705 920 sino(1)
725 856 934 913 secessit,
956 865 1002 902 et
1021 854 1110 911 ibi,
1134 853 1265 919 quod
1283 854 1521 918 reliquum
1546 865 1645 901 erat
1665 853 1937 919 temporalis

518 935 655 991 vitae,
683 933 898 997 religiose
923 930 1246 979 conversando
1270 931 1528 995 complevit
1544 932 1631 996 (2).

584 1091 665 1137 ΙΙΙ.
703 1090 933 1155 Pippinus
949 1099 1126 1147 autem,
1149 1106 1235 1152 per
1250 1089 1584 1136 auctoritatem
1602 1089 1805 1136 Romani
1822 1107 1937 1154 pon-

520 1166 658 1213 tificis
692 1185 748 1214 ex
784 1166 1013 1229 praefecto
1044 1165 1202 1230 palatii
1238 1182 1322 1212 rex
1359 1165 1672 1225 constitutus,
1708 1183 1816 1212 cum
1853 1183 1939 1231 per

517 1262 667 1290 annos
680 1261 744 1291 xv
764 1255 844 1289 aut
861 1261 916 1291 eo
934 1242 1134 1307 amplius
1150 1243 1343 1289 Francis
1360 1243 1485 1289 solus
1503 1242 1776 1307 imperaret,
1798 1243 1938 1291 finito

518 1321 810 1386 Aquitanico
827 1320 952 1370 bello
968 1356 981 1377 ‚
1002 1320 1133 1386 quod
1152 1331 1318 1368 contra
1338 1320 1412 1385 (3)
1433 1320 1746 1379 Waifarium,
1767 1321 1938 1369 ducem

515 1398 810 1462 Aquitaniae,
841 1397 900 1444 ab
936 1415 992 1445 eo
1022 1409 1321 1463 susceptum,
1358 1416 1442 1462 per
1476 1399 1731 1447 continuos
1763 1417 1938 1447 novem

516 1492 665 1522 annos
687 1475 959 1539 gerebatur,
987 1475 1112 1540 apud
1135 1476 1338 1522 Parisius
1355 1477 1423 1540 (4)
1444 1477 1617 1525 morbo
1640 1496 1774 1543 aquae
1794 1477 1938 1525 inter-

517 1552 636 1597 cutis
661 1552 729 1615 (5)
753 1552 879 1598 diem
905 1552 1054 1609 obiit,
1081 1552 1416 1616 superstitibus
1439 1552 1601 1600 liberis
1625 1554 1772 1600 Karlo
1793 1554 1864 1618 (6)
1890 1564 1938 1601 et

517 1630 844 1678 Karlomanno
872 1633 940 1695 (7)
953 1667 966 1688 ,
994 1631 1051 1677 ad
1075 1649 1192 1696 quos
1218 1632 1447 1678 successio
1471 1633 1604 1697 regni
1628 1632 1791 1680 divino
1814 1642 1937 1679 nutu

517 1721 813 1772 pervenerat.
847 1710 1016 1756 Franci
1042 1709 1304 1774 siquidem,
1329 1710 1456 1757 facto
1485 1711 1762 1758 solemniter
1789 1728 1938 1775 gene—

516 1786 601 1831 rali
632 1797 896 1843 conventu,
923 1785 1087 1834 ambos
1111 1786 1198 1832 sihi
1224 1805 1354 1852 reges
1384 1788 1712 1845 constituunt,
1741 1805 1791 1835 ea
1818 1805 1936 1835 con-

518 1863 701 1911 ditione
735 1865 1000 1929 praemissa,
1042 1875 1097 1910 ut
1134 1875 1293 1911 totum
1328 1866 1462 1930 regni
1501 1882 1672 1929 corpus
1709 1883 1764 1912 ex
1797 1882 1936 1930 aequo

518 1942 814 2003 partirentur
824 1960 837 1997 ;
860 1951 906 1988 et
920 1942 1123 1990 Karolus
1142 1959 1244 1988 eam
1263 1952 1445 2005 partem
1459 1959 1600 2006 quam
1617 1952 1750 2005 pater
1769 1958 1937 1988 eorum

520 2018 747 2080 Pippinus
765 2028 1003 2075 tenuerat,
1025 2018 1376 2066 Karlomannus
1400 2036 1512 2065 vero
1529 2036 1630 2065 eam
1648 2019 1722 2064 cui
1739 2028 1936 2083 patruus

521 2110 687 2140 eorum
706 2095 1056 2141 Karlomannus
1082 2106 1308 2159 praeerat,
1334 2095 1526 2160 regendi
1556 2095 1703 2159 gratia
1726 2095 1937 2158 suscipe-

568 2321 618 2366 (1)
644 2321 851 2355 Nuenarius
869 2333 989 2355 comes
1011 2337 1017 2354 :
1041 2334 1124 2356 arce
1148 2322 1314 2357 Cassian.

570 2379 619 2424 (¹2)
644 2378 702 2413 Cf.
724 2378 869 2413 annales
889 2392 921 2413 a.
942 2377 1112 2427 755-755.

571 2435 620 2482 (5)
647 2437 719 2472 Α11.
743 2437 1002 2484 Gazfi‘arium,
1029 2439 1102 2473 Gai
1121 2441 1250 2483 crium,
1278 2438 1524 2485 Guaffarl'um.

569 2496 622 2541 (4)
649 2496 803 2531 Plurimi
822 2497 930 2532 codd.
951 2498 1129 2533 Parisios.

572 2554 622 2600 (5)
649 2556 707 2590 Al.
727 2559 989 2593 intercutaneo.

576 2613 625 2657 (G)
651 2614 709 2648 Al.
734 2616 887 2650 Karolo.

577 2673 626 2719 (7)
653 2674 722 2709 Α11.
764 2675 1045 2716 Karlcmamw,
1084 2676 1362 2711 Karolonzanno
1381 2703 1388 2717 ,
1441 2675 1719 2719 Karlomagno,
1764 2673 1925 2708 Clmrolo

534 2744 678 2765 malma>
