1924 3183
331 173 410 213 384
851 170 1228 209 HLUDOWICUS.

330 271 473 325 atque
498 258 635 316 inde,
666 268 859 322 accepto
889 275 1146 322 responso,
1178 258 1236 304 ad
1266 275 1344 303 sua
1375 259 1570 323 regressi
1603 270 1746 307 sunt:

331 337 397 384 ibi
424 336 482 382 ad
511 338 607 400 ejus
635 336 859 383 notitiam
888 335 1125 400 perlatum
1150 346 1220 383 est
1249 335 1306 382 de
1336 335 1445 402 fuga
1474 349 1531 383 ac·
1558 337 1751 401 perfidia

334 414 546 470 Aizonis,
580 412 826 478 quomodo
851 412 1183 460 fraudulenter
1217 412 1457 460 Ausonam
1493 415 1749 479 ingressus,

333 503 379 539 et
406 510 430 538 a
459 491 642 555 populo
673 490 756 537 illo
784 508 928 555 quem
958 490 1071 538 dolo
1101 490 1348 554 deceperat
1379 501 1621 555 receptus,
1651 492 1754 539 Ro-

333 581 430 615 tam
463 569 536 632 (1)
573 568 812 615 civitatem
844 567 1112 624 destruxit,
1148 567 1332 613 castella
1364 567 1570 630 ejusdem
1601 569 1757 632 regio-

335 648 406 693 nis
436 664 544 711 quae
574 645 786 692 firmiora
822 644 1105 692 videbantur
1137 646 1479 701 communivit,
1516 645 1755 711 missoque

332 723 389 769 ad
408 721 759 770 Abdirachman
778 739 937 786 regem
962 722 1306 768 Saracenorum
1324 720 1471 768 fratre
1490 739 1601 781 suo,
1622 721 1755 767 auxi-

334 802 452 847 lium
477 801 607 864 quod
631 799 821 863 petebat
838 801 971 862 jussu
994 798 1200 862 ejusdem
1220 799 1341 862 regis
1364 799 1436 862 (2)
1461 809 1625 845 contra
1650 816 1756 846 nos-

334 890 434 925 tros
466 877 664 940 accepit.
704 876 794 921 Sed
822 875 1083 938 imperator
1112 875 1223 921 licet
1252 874 1389 938 hujus
1420 876 1489 921 rei
1529 875 1756 921 nuntium

333 956 539 1020 graviter
558 953 729 1010 ferret,
753 951 873 999 nihil
898 963 1054 999 tamen
1074 953 1341 999 inconsulte
1361 952 1622 1017 gerendum
1636 952 1758 1016 judi-

335 1051 467 1089 cans,
501 1031 883 1078 consiliariorum
910 1047 1107 1077 suorum
1134 1029 1392 1076 adventum
1419 1031 1584 1075 statuit
1613 1047 1757 1094 oppen

335 1112 420 1157 riri
436 1147 448 1167 ,
474 1121 800 1173 transactaque
819 1108 1082 1154 autumnali
1104 1108 1378 1164 venatione,
1400 1108 1521 1153 circa
1538 1107 1757 1154 kalendas

334 1186 499 1236 octob.
522 1204 606 1250 per
637 1185 860 1231 Moenum
892 1183 1093 1230 fluvium
1125 1201 1273 1248 usque
1304 1184 1360 1230 ad
1394 1183 1758 1230 Franconofurd

334 1265 536 1314 secunda
554 1281 671 1328 aqua
691 1263 948 1328 navigavit.
969 1262 1084 1310 Inde
1101 1263 1158 1309 ad
1178 1261 1437 1327 Ingellleim
1454 1261 1611 1309 medio
1627 1273 1758 1309 octo-

333 1345 443 1392 brio
474 1343 696 1400 veniens,
727 1342 996 1407 generalem
1023 1340 1087 1387 ibi
1107 1377 1120 1399 ,
1148 1352 1202 1388 ut
1228 1341 1504 1388 condictum
1530 1351 1646 1398 erat,
1670 1359 1759 1405 po-

334 1422 435 1486 puli
455 1421 525 1466 sui
549 1430 842 1467 conventum
862 1417 1054 1474 habuit,
1081 1419 1128 1464 in
1147 1435 1245 1483 quo
1266 1428 1313 1465 et
1331 1418 1619 1483 Ceadragum
1633 1405 1760 1464 Abo-

333 1499 572 1548 dritorum
606 1497 800 1555 ducem,
837 1514 1026 1545 necnon
1065 1507 1112 1544 et
1145 1496 1479 1561 Tunglonem,
1518 1496 1601 1561 qui
1634 1495 1759 1559 apud

335 1596 444 1625 eum
473 1576 684 1641 perfidiae
720 1574 1081 1632 accusabantur,
1119 1575 1300 1621 audivit
1328 1596 1338 1621 ;
1372 1585 1418 1622 et
1454 1575 1759 1638 Tunglonem

336 1655 553 1721 quidem,
582 1664 776 1719 accepto
802 1652 860 1699 ab
892 1671 948 1701 eo
976 1653 1077 1700 filio
1111 1655 1207 1717 ejus
1236 1651 1423 1709 obside,
1453 1652 1649 1699 domum
1680 1669 1760 1698 re·-

336 1734 438 1780 dire
461 1733 701 1797 permisit,
729 1731 1020 1796 Ceadragum
1044 1748 1175 1788 vero,
1202 1731 1385 1777 caeteris
1410 1729 1655 1777 Abodritis
1678 1729 1759 1775 di-

337 1811 511 1867 missis,
550 1827 709 1857 secum
740 1809 968 1865 retinuit,
1004 1809 1249 1873 missisque
1278 1807 1335 1854 ad
1366 1807 1599 1871 populum
1626 1805 1759 1853 Abo-

337 1889 577 1936 dritorum
613 1888 800 1952 legatiS,
827 1888 863 1933 si
893 1904 1001 1933 eum
1033 1885 1122 1932 sibi
1159 1887 1325 1950 vulgus
1358 1903 1556 1950 regnare
1586 1884 1755 1940 vellet,

340 1968 615 2031 perquirere
634 1969 790 2027 jussit3
818 1966 914 2029 ipse
932 1975 1090 2011 autem
1113 1963 1424 2029 Aquasgrani,
1447 1962 1530 2008 ubi
1553 1961 1759 2009 hiemare

341 2046 681 2101 constituerat,
713 2043 956 2107 profectus
986 2052 1072 2090 est.
1106 2043 1322 2106 Cumque
1353 2041 1518 2106 legati,
1552 2057 1670 2105 quos
1700 2040 1758 2085 ad

338 2121 597 2169 Abodritos
619 2121 835 2177 miserat,
859 2120 1031 2167 reversi
1055 2118 1378 2175 nuntiassent,
1401 2117 1576 2163 variam
1604 2116 1757 2181 gentis

340 2200 466 2246 illius
492 2217 633 2263 super
657 2215 765 2263 rege
789 2214 874 2244 suo
902 2197 1176 2261 recipiendo
1201 2195 1512 2252 sententiam,
1540 2194 1759 2241 meliores

341 2288 499 2324 tamen
531 2294 583 2323 ae
611 2275 967 2341 praestantiores
997 2291 1212 2339 quosque
1243 2274 1300 2320 de
1332 2273 1459 2319 illius
1486 2271 1760 2336 receptione

340 2356 648 2412 concordare,
668 2355 869 2419 acceptis
883 2353 942 2400 ab
958 2370 1014 2401 eo
1030 2370 1150 2418 quos
1167 2353 1481 2416 imperaverat
1495 2349 1756 2406 obsidibus,

387 2567 436 2610 (1)
450 2565 622 2599 'Numan
641 2577 762 2599 comes
781 2572 817 2599 ct
834 2565 986 2599 Freher.
1004 2577 1088 2598 cum
1106 2564 1213 2599 codd.
1234 2564 1326 2611 Reg.
1345 2564 1427 2598 Par.
1445 2561 1537 2610 5924
1556 2569 1593 2596 et
1612 2563 1755 2597 Trevir.

344 2633 454 2660 lolam
472 2628 664 2660 civitatem.
691 2627 731 2661 D.
754 2626 868 2673 Bouq.
890 2638 933 2660 ex
947 2626 1010 2660 vit.
1031 2625 1240 2660 Hludowici
1258 2641 1264 2657 ·.
1288 2623 1431 2658 Rodam
1446 2625 1640 2657 civitatem.

388 2686 435 2729 (γ’)
461 2685 574 2718 Ius-<11
596 2685 757 2730 vjuvdem
780 2688 876 2730 regix*
896 2685 996 2719 ‹leest
1015 2698 1072 2731 ap.
1097 2685 1258 2719 Nuenar.
1280 2683 1404 2717 comit.
1428 2689 1463 2716 et
1481 2682 1524 2715 D.
1547 2682 1659 2728 Bouq.
