2043 3193
540 166 590 203 68
879 162 1001 200 VITA
1031 161 1225 200 KAROLI
1257 160 1618 200 IMPERATORIS.

544 261 646 296 tum
671 266 832 306 suum,
876 249 924 295 in
953 249 1095 297 domo
1123 267 1202 296 sua
1235 249 1439 296 retinuit
1456 284 1469 305 ‚
1494 250 1682 307 dicens,
1712 267 1758 298 se
1791 268 1951 298 earum

541 325 861 373 contubernio
893 344 1050 374 carere
1073 344 1171 373 non
1200 343 1350 390 posse.
1384 326 1453 372 Ac
1485 336 1683 390 propter
1703 326 1817 384 hoc,
1843 327 1953 374 licet

539 405 648 451 alias
682 405 820 460 felix,
865 405 1071 452 adversae
1105 404 1318 451 fortunae
1351 404 1693 468 malignitatem
1733 415 1952 469 expertus

540 492 632 539 est3
655 482 785 547 quod
803 493 958 529 tamen
978 485 1039 528 ita
1058 482 1392 539 dissimulavit,
1414 499 1466 528 ac
1486 482 1524 528 si
1548 481 1605 529 de
1625 483 1688 529 eis
1712 482 1840 528 nulla
1864 500 1954 529 un-

539 578 682 625 quam
720 560 915 624 alicujus
944 559 1111 624 probri
1142 560 1347 625 suspicio
1381 569 1574 616 exorta,
1619 559 1692 607 vel
1731 559 1849 606 fama
1881 562 1951 622 (1)

538 638 743 702 dispersa
765 636 945 684 fuisset.

603 870 722 916 XX.
741 871 855 916 Erat
869 870 907 916 ei
925 868 1048 916 filius
1061 869 1256 915 nomine
1269 868 1498 932 Pippinus
1512 869 1598 931 (2),
1616 885 1670 915 ex
1686 866 1952 914 concubina

537 946 707 1003 editus,
724 949 856 1010 cujus
872 947 996 993 inter
1007 956 1202 993 caeteros
1215 946 1368 993 facere
1381 946 1678 992 mentionem
1690 945 1850 991 distuli
1862 948 1949 1007 (5);

536 1022 653 1069 facie
683 1023 877 1088 quidem
907 1022 1121 1086 pulcher,
1157 1023 1235 1069 sed
1257 1021 1404 1087 gibbo
1433 1023 1503 1086 (4)
1537 1022 1780 1069 deformis.
1810 1023 1851 1068 Is
1885 1024 1953 1086 (5)

539 1116 649 1145 cum
664 1109 815 1163 pater,
837 1099 966 1146 bello
986 1110 1150 1145 eontra
1176 1100 1342 1145 Hunos
1362 1110 1580 1163 suscepto
1593 1100 1660 1161 (6)
1677 1135 1693 1158 ‚
1720 1099 1769 1145 in
1794 1100 1955 1163 Baj0a-

536 1177 603 1222 ria
625 1176 853 1223 hiemaret
866 1180 932 1240 (7)
945 1213 958 1234 ,
980 1176 1262 1241 aegritudine
1279 1176 1496 1222 simulata
1510 1212 1522 1232 ‚
1546 1194 1655 1222 cum
1671 1175 1954 1241 quibusdam

536 1271 560 1299 e
580 1251 871 1316 primoribus
888 1253 1208 1309 Francorum,
1230 1253 1312 1317 qui
1331 1253 1404 1316 (8)
1424 1270 1533 1299 eum
1549 1271 1665 1298 vana
1683 1253 1816 1317 regni
1835 1270 1953 1317 pro—

534 1331 756 1377 missione
772 1330 1037 1388 illexerant,
1053 1331 1272 1377 adversus
1286 1341 1469 1394 patrem
1482 1331 1764 1394 conjuravit.
1779 1330 1950 1391 Quem,

533 1417 640 1470 post
657 1407 871 1454 fraudem
889 1406 1120 1454 detectam
1137 1417 1183 1454 et
1196 1406 1552 1454 damnationem
1571 1409 1948 1471 conjuratorum,

532 1484 786 1532 detonsum
806 1486 853 1531 iu
875 1484 1102 1531 coenobio
1121 1485 1310 1531 Prumia
1337 1485 1408 1549 (9)
1427 1486 1660 1550 religiosae
1677 1485 1817 1542 vitae,
1829 1487 1953 1549 jam-

532 1578 625 1626 que
650 1561 913 1619 volentem,
946 1579 1109 1608 vacare
1131 1561 1365 1625 permisit.
1392 1562 1531 1607 Facta
1557 1572 1626 1609 est
1646 1571 1692 1609 et
1714 1562 1801 1607 alia
1820 1562 1952 1625 prius

535 1647 702 1684 contra
743 1655 851 1684 eum
893 1638 941 1684 in
981 1637 1234 1685 Germania
1274 1637 1424 1684 valida
1470 1639 1738 1703 conjuratio
1752 1674 1766 1696 ,
1821 1640 1951 1702 cujus

532 1726 747 1761 auctores
767 1715 940 1779 partim
960 1715 1222 1762 luminibus
1241 1714 1421 1772 orbati,
1445 1716 1620 1780 partim
1641 1715 1866 1762 membris
1883 1716 1953 1761 in-

534 1791 742 1839 columes
757 1796 857 1855 (10)
870 1827 883 1850 ‚
905 1809 1070 1840 omnes
1092 1803 1248 1839 tamen
1268 1793 1410 1840 exilio
1425 1792 1661 1857 deportati
1680 1802 1792 1839 sunt
1812 1792 1855 1856 (ι
1874 1792 1947 1855 ι);

578 2022 629 2066 (ι)
654 2021 771 2055 Fama
788 2034 808 2056 a
827 2021 1036 2069 Mai-quard.
1058 2022 1220 2057 Frehero
1235 2028 1272 2056 et
1289 2035 1308 2056 a
1327 2022 1489 2057 Nuenar.
1510 2022 1644 2057 comite
1660 2022 1856 2057 omittitur.

579 2081 629 2124 (2)
654 2080 712 2115 Al.
737 2081 902 2126 Ρίρὶιιιις.

577 2136 627 2182 (5)
652 2138 814 2172 Nuenar.
836 2150 931 2173 coin.
950 2140 1168 2173 mentionem
1186 2139 1512 2185 nullamfecimus.

578 2200 629 2241 (4)
655 2197 726 2232 All.
747 2198 873 2243 gigbo,
909 2211 1054 2245 gyppo,
1076 2199 1199 2244 gippo.

577 2256 627 2302 (5)
653 2257 744 2292 Cod.
766 2258 1025 2292 Florentinus:
1047 2258 1116 2293 his.

575 2315 626 2361 (6)
652 2316 743 2351 Cod.
766 2317 978 2351 Vindobon.
997 2316 1065 2365 667
1087 2332 1094 2350 τ
1118 2317 1312 2351 bellum...
1335 2318 1507 2361 suscepit.

577 2374 628 2421 (7)
652 2375 712 2410 Sic
730 2375 772 2409 D.
797 2375 982 2423 Bouquet‚
1004 2388 1087 2410 cum
1112 2375 1281 2422 plurimis
1301 2375 1427 2417 codd.;
1447 2374 1574 2416 PertZ,
1598 2384 1681 2407 cum
1710 2382 1782 2405 nou
1808 2369 1916 2404 nullis
1937 2386 1943 2403 ς

532 2432 736 2478 hyemaret.

576 2491 625 2536 (8)
651 2492 812 2527 Nuenar.
834 2503 955 2527 comes
975 2507 981 2526 ε
1003 2494 1069 2539 qui
1083 2493 1210 2527 sibi....
1231 2493 1438 2527 illuserant.

578 2550 629 2595 (9)
655 2551 746 2585 Cori.
767 2551 980 2586 vindobon.
1005 2551 1045 2585 16
1065 2567 1071 2584 z
1096 2552 1261 2586 Priumcz.

578 2608 651 2651 (ιω)
676 2608 792 2642 Codd.
812 2609 1027 2645 Vin‹lobon.
1051 2608 1119 2650 654
1134 2637 1142 2650 ,
1161 2622 1206 2655 90
1222 2616 1257 2643 et
1283 2621 1344 2643 100
1363 2624 1368 2641 :
1390 2607 1596 2640 incolomes.

577 2666 651 2709 (ιι)
677 2665 837 2701 Nuenar.
860 2679 979 2702 comes
1003 2684 1007 2699 τ
1031 2670 1066 2701 ιή
1093 2668 1243 2701 exilium
1263 2670 1337 2701 acti
1355 2671 1449 2700 sum.
