2043 3193
552 237 604 275 54
887 235 1011 273 VITA
1041 233 1234 272 KAROLI
1266 231 1586 271 IMPERATORI
1590 231 1626 270 S.

552 325 678 370 inter
721 333 873 387 partes
927 320 1175 386 cujuslibet
1213 319 1418 367 scandali
1462 329 1729 366 remaneret
1761 320 1962 368 occasio.

553 401 670 447 Erat
712 401 840 448 enim
885 417 1068 464 semper
1105 398 1326 446 Romanis
1364 408 1411 444 et
1456 398 1634 445 Graecis
1672 398 1967 445 Francorum

553 488 764 543 suspecta
786 479 999 542 potentia
1014 513 1028 534 ,
1052 476 1176 523 unde
1201 486 1247 523 et
1272 475 1388 522 illud
1406 492 1614 541 graecum
1633 484 1761 522 extat
1778 492 1970 539 prover-

554 558 689 604 bium
713 577 723 603 :
747 566 857 601 TON
879 556 949 619 (1)
980 565 1228 599 ‹bPANKON
1264 564 1431 598 ΦΙΛΟΝ
1458 564 1593 602 Exn,
1625 562 1824 599 r1T0NA
1863 562 1968 596 ori<

559 645 691 678 EXIC.

625 1106 780 1153 XVII.
819 1106 913 1165 Qui
948 1122 1056 1150 cum
1082 1113 1239 1149 tantus
1271 1103 1341 1166 (2)
1371 1103 1419 1148 in
1449 1100 1718 1164 ampliando
1754 1116 1902 1164 regno
1930 1109 1978 1146 et

561 1183 829 1248 subigendis
849 1183 1020 1229 exteris
1044 1180 1320 1227 nationibus
1343 1181 1587 1236 existeret,
1609 1189 1656 1226 et
1676 1180 1724 1224 in
1749 1176 1976 1242 ejusmodi

562 1259 955 1324 occupationibus
988 1259 1168 1305 assidue
1201 1268 1486 1312 versaretur,
1515 1274 1657 1320 opera
1686 1266 1843 1302 tamen
1870 1255 1979 1319 plu-

562 1341 682 1386 rima
709 1338 767 1385 ad
795 1338 928 1403 regni
961 1337 1181 1384 decorem
1212 1346 1258 1383 et
1282 1334 1670 1383 commoditatem
1692 1333 1980 1398 pertinentia

562 1416 756 1463 diversis
781 1416 830 1461 in
851 1415 964 1462 locis
987 1412 1253 1470 inchoavit,
1277 1413 1498 1478 quaedam
1517 1412 1657 1460 etiam
1683 1428 1980 1458 consumma-

564 1497 649 1539 vit.
674 1494 806 1540 Inter
824 1509 931 1556 quae
950 1491 1189 1556 praecipua
1216 1490 1315 1538 sere
1335 1490 1402 1553 (3)
1433 1507 1533 1537 non
1558 1489 1799 1535 immerito
1832 1486 1981 1534 videri

565 1579 763 1633 possunt
791 1567 981 1615 basilica
1016 1579 1187 1614 sanctae
1215 1568 1300 1614 Dei
1326 1567 1568 1631 genitricis
1593 1565 1666 1628 (4)
1697 1564 1980 1629 Aquisgrani

567 1664 709 1710 opere
747 1645 953 1691 mirabili
991 1654 1294 1701 constructa,
1322 1655 1368 1691 et
1395 1661 1516 1708 pons
1552 1642 1675 1707 apud
1706 1642 1984 1707 Mogontia-
2040 1675 2043 1677 >

569 1741 677 1770 cum
698 1723 765 1786 (5)
791 1723 839 1768 in
860 1724 1022 1770 Hreno
1040 1723 1108 1785 (6)
1134 1723 1510 1786 quingentorum
1533 1738 1753 1785 passuum
1776 1719 1985 1784 longitu-

569 1800 692 1846 dinis
737 1827 801 1835 —
840 1817 949 1845 nam
986 1809 1114 1845 tanta
1151 1809 1219 1845 est
1266 1797 1332 1844 ibi
1366 1798 1579 1845 fluminis
1619 1796 1838 1844 latitudo.
1890 1796 1983 1855 Qui

568 1888 727 1924 tamen
750 1894 850 1923 uno
872 1887 1125 1941 antequam
1149 1876 1394 1923 decederet
1417 1892 1544 1922 anno
1571 1875 1792 1922 incendio
1811 1873 1986 1921 confla—

569 1956 746 2020 gravit,
783 1972 870 2001 nec
897 1954 1026 2001 refici
1054 1954 1215 2018 potuit
1233 1963 1430 2018 propter
1455 1952 1730 2000 festinatum
1755 1951 1880 1997 illius
1900 1950 1986 1998 de-

618 2172 668 2216 (1)
693 2170 773 2204 Hoc
802 2168 1035 2216 proverbium
1062 2168 1167 2203 codd.
1191 2168 1298 2202 variis
1328 2167 1445 2201 modis
1471 2173 1687 2213 corruptum
1714 2165 1870 2208 hahent3
1898 2176 1987 2199 nus-

572 2243 682 2278 quam
700 2237 821 2264 autem
836 2230 971 2276 legitur
987 2235 1029 2263 ut
1045 2229 1083 2263 in
1097 2228 1223 2263 editis:
1242 2230 1294 2264 τὸν
1310 2230 1447 2274 φραγκᾶν
1463 2232 1546 2270 φὶλον
1562 2233 1656 2274 ἔχῃς,
1675 2230 1809 2272 ’γείτονα
1824 2230 1882 2260 οὐκ
1899 2229 1986 2272 ἔχῃς.

572 2310 618 2315 -
633 2289 804 2324 Graecum
821 2289 920 2322 enim
942 2299 964 2318 ε’
981 2293 1017 2321 et
1037 2300 1049 2329 sy
1071 2294 1159 2322 tunc
1177 2288 1353 2334 temporis
1372 2287 1468 2335 >legi
1486 2287 1652 2331 solitum,
1670 2292 1820 2334 apparet
1837 2286 1987 2331 (Pertz.)

620 2359 671 2404 (2)
696 2357 787 2392 Cod.
810 2356 902 2404 Reg.
924 2357 1038 2391 Paris.
1058 2355 1149 2404 5927
1170 2372 1175 2389 :
1200 2362 1384 2391 strenuus.

617 2426 666 2472 (3)
693 2426 784 2460 Fere
801 2425 939 2460 habent
954 2424 1035 2459 cod.
1053 2424 1265 2461 Vindobon.
1281 2424 1349 2473 667
1366 2431 1402 2459 et
1417 2424 1587 2459 undecim
1599 2422 1659 2457 alii
1672 2450 1680 2465 ‚
1702 2422 1825 2456 deesse
1840 2420 1989 2455 videtur

574 2487 611 2518 in
632 2484 801 2531 reliquis,
822 2496 842 2518 a
859 2484 904 2519 D.
926 2484 1095 2531 Bouquet
1113 2484 1311 2518 omittitur.

623 2554 674 2597 (4)
699 2552 819 2587 Codd.
838 2552 1052 2587 vindobon.
1072 2551 1140 2601 667
1157 2559 1195 2587 et
1211 2551 1305 2599 Reg.
1326 2552 1409 2586 Par.
1431 2550 1521 2598 5997
1544 2565 1548 2583 1
1570 2550 1728 2584 [ilat-iae.

621 2619 671 2665 (5)
697 2620 766 2655 ΑΗ.
799 2621 1119 2665 Mongontiacum,
1153 2621 1443 2666 magontiacum.
1478 2638 1519 2643 »-
1548 2618 1591 2652 D.
1626 2617 1739 2663 Bouq.
1772 2616 1990 2661 Magantia-

580 2693 668 2713 sum.

625 2750 669 2783 ,ἪῚ
700 2751 749 2784 Al,
781 2751 903 2784 Bistam
943 2750 999 2784 xid
1036 2763 1139 2797 snpra
