1924 3183
325 148 403 184 376
840 143 1214 182 HLUDOWICUS.

322 232 618 278 Britanniam
635 229 1004 277 conturbaverat
1019 266 1030 286 ,
1054 241 1100 277 et
1121 229 1444 277 obstinatione
1466 231 1738 279 stultissima

322 309 379 354 ad
396 317 709 354 memoratam
726 307 1077 371 expeditionem
1097 306 1180 354 illo
1199 306 1461 354 faciendam
1483 308 1739 371 imperato-

320 386 385 432 ris
408 386 621 432 animum
646 395 1013 450 provocaverat,
1040 385 1231 432 tandem
1255 385 1428 432 saniori
1454 402 1563 432 usus
1589 388 1741 433 consi·-

319 463 411 518 lio,
439 462 495 509 ad
513 461 655 509 fidem
674 463 972 526 imperatoris
987 498 1000 519 ,
1027 472 1080 508 ut
1100 463 1198 526 ipse
1217 461 1428 520 dicebat,
1452 463 1615 510 venire
1638 480 1738 510 non

319 539 572 587 dubitavit.
608 539 694 585 Cui
727 557 835 586 eum
867 541 1128 604 imperator
1153 551 1200 586 et
1240 540 1530 604 ignosceret,
1558 552 1605 588 et
1629 559 1741 587 mu-

319 615 514 664 neribus
537 616 766 664 donatum
794 633 888 663 una
912 634 1022 662 cum
1047 617 1229 663 caeteris
1254 617 1408 681 gentis
1435 634 1531 663 suae
1559 617 1739 681 primo-

316 694 449 742 ribus
472 694 671 743 domum
691 712 900 743 remeare
916 696 1216 759 permitteret
1231 731 1244 752 ‚
1271 695 1552 760 promissam
1569 694 1709 742 fidem
1722 732 1737 753 ‚

318 784 372 819 ut
394 774 526 838 prius
550 784 859 820 consueverat
876 810 889 829 ‚
915 773 1149 837 gentilitia
1175 774 1370 838 perfidia
1397 774 1709 821 commutavit
1721 810 1736 831 ‚

318 868 370 897 ac
400 851 583 898 vicinos
613 867 721 897 suos
761 849 992 897 incendiis
1026 861 1073 897 et
1108 850 1459 915 direptionibus
1497 852 1547 898 in
1583 869 1741 916 quan-

318 940 423 974 tum
447 928 606 992 potuit
645 927 868 975 infestare
896 945 997 975 non
1025 946 1206 975 cessans
1217 964 1230 986 ‚
1257 929 1410 978 donee
1443 929 1501 976 ab
1534 929 1742 977 homini-

315 1003 403 1050 bus
428 1003 677 1051 Lantberti
705 1004 894 1051 comitis
924 1005 973 1050 in
998 1005 1144 1051 domo
1170 1006 1362 1069 propria
1388 1007 1742 1053 circumventus

314 1093 455 1147 atque
482 1081 760 1128 interfectus
782 1091 867 1128 est.
897 1083 1164 1145 Imperator
1182 1099 1315 1137 vero,
1338 1083 1495 1129 audita
1514 1084 1741 1149 Bulgaro-

312 1179 424 1207 rum
447 1160 706 1225 legatione,
734 1177 820 1223 per
844 1159 1032 1206 eosdem
1056 1161 1139 1225 qui
1166 1160 1223 1206 ad
1257 1178 1366 1208 eum
1396 1162 1524 1208 missi
1550 1162 1741 1209 fuerant

313 1239 491 1304 legatos
510 1238 607 1303 regi
628 1254 797 1284 eorum
815 1237 969 1284 missis
989 1238 1180 1295 litteris,
1202 1250 1350 1302 prout
1372 1238 1622 1287 videbatur
1641 1257 1742 1287 res-

311 1316 483 1381 pondit
500 1352 515 1372 ‚
541 1315 830 1380 dimissoque
855 1325 1125 1371 conventu,
1155 1316 1204 1361 in
1224 1316 1463 1380 Vogesum
1486 1317 1542 1363 ad
1565 1318 1741 1364 Rume-

313 1396 399 1441 rici
420 1405 639 1442 montem
659 1395 729 1457 (1)
748 1393 951 1441 venandi
970 1394 1117 1458 gratia
1137 1393 1405 1458 profectus,
1431 1394 1582 1441 filium
1603 1413 1741 1442 suum

313 1472 619 1519 Hlotharium
640 1490 695 1519 ex
716 1471 845 1518 Italia
866 1489 1133 1536 regressum
1150 1471 1312 1537 ibique
1330 1472 1386 1518 ad
1403 1490 1450 1519 se
1467 1473 1740 1520 venientem

315 1552 536 1616 suscepit,
560 1568 611 1597 ac
633 1561 821 1614 peraeta
842 1552 1097 1598 venatione
1116 1550 1409 1616 Aquasgrani
1431 1551 1634 1609 rediens,
1655 1569 1740 1616 ge-

314 1630 525 1677 neralem
549 1628 715 1693 populi
749 1629 818 1675 sui
851 1639 1146 1675 conventum
1176 1646 1311 1676 more
1345 1628 1546 1676 solemni
1581 1646 1741 1676 mense

313 1719 512 1773 augusto
538 1706 720 1753 habuit.
757 1708 811 1753 In
841 1724 940 1772 quo
970 1717 1212 1754 conventu
1239 1707 1367 1754 inter
1392 1719 1583 1755 caeteras
1611 1707 1740 1772 lega-

314 1789 496 1843 tiones,
528 1804 636 1851 quae
668 1786 725 1833 de
755 1785 950 1833 diversis
980 1785 1196 1850 partibus
1219 1796 1483 1843 venerunt,
1517 1788 1658 1834 etiam
1692 1797 1739 1833 et

314 1865 526 1913 filiorum
551 1863 805 1911 Godofridi
831 1865 888 1911 de
912 1863 1229 1911 Nortmannia
1255 1863 1431 1929 legatos
1456 1864 1659 1919 audivit,
1687 1881 1739 1910 ac

314 1961 503 2007 pacem,
540 1959 684 2007 quam
720 1940 862 1988 iidem
893 1941 982 1988 sibi
1018 1941 1117 1987 dari
1155 1940 1409 2005 petebant,
1445 1958 1553 1986 cum
1590 1941 1654 1987 eis
1689 1942 1738 1986 in

313 2037 471 2066 marca
491 2036 659 2066 eorum
682 2035 843 2065 mense
867 2018 1091 2065 octobrio
1116 2018 1390 2065 confirmari
1410 2018 1551 2082 jussit
1564 2036 1577 2074 3
1605 2035 1739 2065 com-

314 2098 547 2162 pletisque
572 2095 797 2142 omnibus
831 2097 1060 2160 negotiis,
1087 2113 1194 2160 quae
1221 2096 1277 2141 ad
1314 2095 1438 2141 illius
1473 2105 1737 2141 conventus

312 2175 551 2221 rationem
568 2172 807 2237 pertinere
824 2172 1125 2229 videbantur,
1146 2173 1493 2237 Noviomagum
1511 2189 1619 2218 cum
1637 2171 1737 2218 filio

312 2256 491 2316 maj0re
509 2251 695 2298 secessit
708 2286 721 2307 ,
749 2251 989 2297 minorem
1009 2268 1123 2297 vero
1143 2249 1297 2297 filium
1322 2268 1458 2296 suum
1480 2249 1736 2298 Hludowi-

314 2348 422 2376 eum
445 2331 494 2377 in
515 2329 775 2393 Baj0ariam
799 2328 990 2376 direxit.
1026 2330 1128 2392 Ipse
1150 2338 1335 2384 autem,
1368 2326 1630 2373 autumnali
1655 2344 1737 2372 ve·-

360 2531 409 2574 (1)
433 2529 476 2565 Ῐ).
497 2529 610 2575 Bouq.
636 2541 719 2563 cum
739 2528 899 2563 Nuenar.
922 2530 1050 2564 comit.
1070 2529 1257 2563 Rumerici
1271 2539 1404 2563 arcem.
1423 2526 1605 2562 Freherus
1628 2542 1632 2559 :
1655 2525 1733 2562 Bu—

316 2603 346 2622 m
353 2603 368 2622 c
375 2592 498 2624 wicum.
