1924 3183
369 181 449 217 360
886 175 1261 214 HLUDOWICUS.

369 265 500 311 ltalia
527 264 732 328 justitias
761 262 966 320 faceret,
997 273 1044 309 et
1067 264 1167 325 jam
1199 279 1244 308 se
1277 261 1332 307 ad
1367 261 1701 309 revertendum
1729 263 1786 310 de

370 341 501 388 Italia
526 350 841 404 praepararet,
871 350 1070 404 rogante
1095 338 1312 385 Paschale
1335 357 1453 403 papa
1478 340 1679 386 Romam
1703 358 1788 387 ve-

370 419 470 476 nit,
497 429 543 464 et
564 416 829 464 honorifice
852 417 910 462 ab
931 417 1014 463 illo
1033 425 1300 480 suscethS,
1327 417 1375 462 in
1397 427 1558 463 sancto
1581 416 1787 462 Paschali

370 495 445 542 die
472 494 595 558 apud
615 495 843 541 Sanctum
862 496 1058 541 Petrum
1081 505 1127 541 et
1150 494 1285 558 regni
1311 510 1538 540 coronam
1562 504 1609 540 et
1632 495 1789 558 Impe-

371 572 544 618 ratoris
566 582 707 636 atque
731 571 930 636 Augusti
949 588 1127 617 nomen
1145 571 1346 634 accepit3
1376 570 1485 617 inde
1501 570 1691 634 Papiam
1710 588 1791 616 re-

371 666 578 714 gressus,
606 665 766 694 mense
783 648 922 712 junio
946 648 1001 693 ad
1028 648 1365 711 imperatorem
1388 648 1535 693 venit.
1566 646 1658 706 Qui
1684 663 1793 692 cum

373 727 652 791 imperatori
688 726 745 772 de
763 726 960 789 justitiis
994 725 1043 771 in
1071 725 1201 771 Italia
1227 743 1249 770 a
1280 743 1326 772 se
1356 724 1530 788 partim
1557 724 1691 770 factis
1720 724 1792 787 (i)

371 804 548 868 partim
577 801 809 849 inchoatis
832 801 1018 848 fecisset
1051 801 1281 848 indicium
1298 838 1310 860 ‚
1338 802 1505 847 missus
1531 811 1600 848 est
1627 801 1672 846 in
1702 802 1795 846 Ita—

372 882 485 928 liam
504 880 800 928 Adalhardus
820 896 977 926 comes
996 879 1182 943 palatii,
1205 881 1482 944 jussumque
1501 889 1570 926 est
1587 889 1641 924 ut
1657 878 1797 924 Mau-

373 961 567 1025 ringum
594 961 662 1023 (2)
695 959 870 1005 Brixiae
896 959 1120 1005 comitem
1151 975 1309 1004 secum
1333 968 1616 1016 assumeret,
1645 968 1691 1003 et
1718 957 1797 1002 in-

373 1037 560 1085 choatas
581 1037 787 1101 justitias
811 1035 1039 1100 perficere
1064 1046 1269 1082 curaret.

438 1118 737 1179 Drogonem,
767 1114 966 1160 fratrem
986 1115 1108 1177 erS‚
1140 1113 1228 1159 sub
1256 1114 1481 1160 canonica
1502 1114 1595 1158 vita
1622 1113 1797 1177 degen-

376 1206 494 1251 tem,
529 1193 730 1240 Metensi
763 1192 997 1248 ecclesiae,
1032 1191 1160 1238 clero
1189 1189 1397 1254 ejusdem
1431 1189 1562 1236 urbis
1596 1207 1799 1237 consen-

374 1274 523 1319 tiente
560 1281 702 1336 atque
737 1270 969 1334 eligente,
1008 1281 1245 1317 rectorem
1281 1270 1558 1326 constituit,
1598 1286 1800 1333 eumque

376 1351 432 1397 ad
457 1349 764 1414 pontificatus
787 1349 990 1414 gradum
1016 1349 1199 1395 censuit
1222 1348 1497 1412 promoveri
1520 1348 1603 1410 (5).

443 1430 496 1475 In
529 1428 696 1476 eodem
728 1437 970 1474 conventu
1002 1437 1187 1490 tempus
1217 1436 1264 1472 et
1293 1425 1424 1472 locus
1455 1425 1650 1472 alterius
1681 1441 1801 1470 con-

376 1516 545 1553 ventus
574 1503 776 1551 habendi
803 1503 1052 1549 condictus
1077 1512 1146 1549 est
1172 1503 1244 1566 (4)
1260 1538 1272 1558 ,
1299 1500 1561 1549 november
1584 1500 1802 1547 videlicet

378 1583 569 1638 mensis,
589 1592 635 1628 et
652 1579 1003 1644 Compendium
1021 1580 1276 1644 palatium3
1298 1589 1585 1643 peractoque
1604 1577 1798 1642 placito,

379 1672 426 1708 et
456 1660 658 1707 dimissis
686 1658 1004 1723 primoribus,
1039 1676 1148 1704 cum
1178 1659 1438 1721 imperator
1460 1659 1558 1720 jam
1590 1655 1699 1702 inde
1727 1654 1803 1701 di-

378 1739 509 1803 gredi
535 1737 795 1793 statuisset,
829 1736 1024 1781 allatum
1051 1745 1120 1782 est
1145 1735 1185 1782 ei
1209 1734 1266 1781 de
1293 1735 1495 1781 interitu
1519 1732 1799 1787 Liudewiffi,

381 1815 511 1881 quod
536 1814 714 1861 relictis
744 1811 961 1869 sorabis,
990 1830 1100 1858 cum
1127 1812 1407 1857 Dalmatiam
1424 1810 1482 1856 ad
1496 1807 1804 1856 Liudemhus-

382 1895 479 1938 lum
507 1892 577 1954 (5)
606 1889 898 1936 avunculum
927 1890 1102 1936 Bornae
1133 1887 1264 1934 ducis
1292 1887 1610 1951 pervenisset,
1640 1895 1686 1931 et
1712 1884 1803 1930 ali-

380 1981 617 2036 quantum
665 1969 894 2032 temporis
943 1985 1052 2013 cum
1090 1985 1147 2014 eo
1188 1977 1400 2014 moratus
1450 1965 1614 2012 fuisset
1634 2000 1648 2021 ‚
1691 1963 1803 2010 dolo

383 2050 528 2113 ipsius
555 2058 673 2094 esset
709 2046 1006 2093 interfectus.
1035 2045 1327 2091 Nunciatum
1353 2054 1422 2091 est
1448 2044 1615 2100 etiam,
1643 2042 1806 2089 Theo-

383 2129 555 2174 dorum
577 2135 751 2172 sanctae
779 2126 1007 2171 Romanae
1029 2125 1252 2171 Ecclesiae
1271 2123 1598 2187 primicerium
1619 2133 1666 2168 et
1690 2123 1806 2168 Leo-

385 2224 496 2253 nem
530 2203 968 2257 nomenclatorem,
1010 2220 1238 2267 generum
1274 2204 1396 2265 ejus,
1435 2202 1482 2246 in
1519 2199 1805 2264 patriarchio

386 2281 688 2330 Lateranensi
714 2281 873 2344 primo
898 2290 1177 2336 excaecatos,
1207 2297 1259 2325 ac
1288 2279 1457 2326 deinde
1481 2277 1624 2325 fuisse
1648 2276 1807 2323 decol«

433 2460 481 2503 (ι)
510 2456 780 2502 Ptzrlimfaclis
793 2455 894 2489 deest
910 2455 946 2488 in
965 2453 1071 2488 codd.
1097 2467 1160 2488 110
1177 2460 1214 2488 et
1235 2464 1317 2500 990.

434 2524 469 2561 (
459 2524 486 2562 ›)
513 2517 584 2552 All.
605 2518 873 2562 sslmmingum,
896 2515 1125 2561 lilaring'um.

433 2577 485 2623 (Β)
508 2578 552 2611 l).
571 2578 685 2623 Bouq.
703 2583 738 2610 et
758 2576 876 2609 Niien.
900 2586 992 2609 com.
1011 2576 1152 2608 censuit
1169 2571 1466 2619 prvmowemlum.

436 2640 485 2681 ς’..)
515 2636 614 2671 Ιίάοι.
618 2649 629 2669 ι
651 2651 655 2668 ε
680 2635 818 2669 mdtcla
836 2640 934 2668 5unl

439 2708 459 2738 (-

459 2696 488 2741 ι)
516 2696 582 2730 ΧΠ
608 2696 676 2729 Lu
680 2695 917 2731 lenzuleslmn
937 2692 1217 2728 Luclcmuslum
1240 2689 1517 2726 Lcudcuwſtrn
