1924 3183
380 188 457 224 ‘270
962 183 1210 222 KAROLUS.

382 271 576 318 nomine
611 269 827 326 Abdella,
865 289 973 316 cum
1008 270 1251 316 monachis
1281 270 1338 316 de
1372 272 1684 328 Hierusalem,
1714 274 1794 336 qui

382 350 614 413 legatione
647 346 846 394 Thomae
886 348 1165 411 patriarchae
1207 348 1554 413 fungebantur,
1588 366 1796 414 quorum

384 425 576 472 nomina
593 424 726 471 fuere
745 423 976 489 Georgius
990 435 1036 471 et
1053 425 1181 471 Felix
1205 423 1307 488 [hic
1322 424 1554 489 Georgius
1571 436 1638 472 est
1657 424 1799 471 abbas

386 504 432 547 in
454 511 618 548 monte
636 501 805 548 Oliveti
821 538 834 559 ,
858 513 904 548 et
923 503 995 548 cui
1016 502 1164 565 patria
1185 502 1436 548 Germania
1455 513 1540 558 est,
1562 503 1642 566 qui
1663 502 1802 548 etiam

383 580 583 644 proprio
602 589 799 626 vocatur
821 580 1017 626 nomine
1041 578 1299 643 Egibaldus
1322 580 1361 642 (i
1377 581 1395 642 )
1414 580 1433 642 ]
1460 580 1516 624 ad
1544 580 1805 643 imperato-

386 675 486 704 rem
520 667 867 719 pervenerunt,
898 673 1097 702 munera
1124 656 1388 703 deferentes
1417 673 1525 720 quae
1553 656 1808 719 praedictus

388 752 468 780 rex
495 734 771 796 imperatori
799 733 991 779 miserat
1009 769 1020 788 ,
1052 733 1098 778 id
1125 744 1194 779 est
1218 733 1509 797 papilionem
1533 744 1579 779 et
1605 732 1807 779 tentoria

389 813 494 858 atrii
514 812 649 857 mirae
674 810 1015 875 magnitudinis
1033 822 1078 857 et
1098 810 1496 875 pulchritudini53
1527 820 1661 857 erant
1684 811 1812 856 enim

389 893 548 938 omnia
564 890 754 945 bissina,
775 899 866 934 tam
884 889 1088 935 tentoria
1104 906 1243 952 quam
1258 899 1303 934 et
1317 888 1452 934 funes
1469 905 1654 943 eorum,
1667 888 1814 933 diver-

391 970 450 1014 sis
478 967 622 1013 tincta
642 965 900 1013 coloribus.
923 967 1139 1012 Fuerunt
1161 976 1387 1029 praeterea
1408 982 1604 1011 munera
1626 963 1811 1028 praefati

394 1047 514 1110 regis
538 1043 674 1108 pallia
703 1043 837 1088 sirica
869 1043 1016 1088 multa
1054 1053 1101 1088 et
1131 1043 1362 1106 preciosa,
1400 1054 1446 1088 et
1474 1043 1642 1089 odores
1673 1052 1812 1106 atque

393 1132 632 1186 unguenta
672 1131 718 1166 et
756 1120 1016 1166 balsamum
1040 1139 1051 1175 ;
1097 1137 1286 1166 necnon
1326 1130 1372 1166 et
1411 1119 1713 1183 horologium
1758 1137 1812 1165 ex

395 1199 646 1254 auricalco,
665 1208 765 1245 arte
787 1197 1055 1244 mechanica
1076 1196 1275 1243 mirifice
1291 1197 1626 1261 compositum,
1651 1197 1697 1242 in
1717 1213 1815 1260 quo

395 1276 643 1323 duodecim
667 1275 895 1321 horarum
919 1292 1081 1320 cursus
1112 1274 1169 1319 ad
1200 1273 1494 1339 clepsydram
1523 1272 1812 1327 vertebatur,

396 1371 504 1400 cum
547 1353 746 1399 totidem
787 1353 919 1399 aereis
959 1351 1118 1416 pilulis
1137 1388 1151 1411 ,
1191 1369 1299 1415 quae
1343 1351 1399 1397 ad
1444 1351 1815 1415 completionem

398 1433 625 1479 horarum
647 1429 953 1486 decidebant,
980 1440 1027 1476 et
1052 1447 1158 1475 casu
1183 1446 1267 1475 suo
1291 1428 1557 1492 subjectum
1581 1428 1670 1474 sibi
1696 1428 1817 1473 cim-

393 1508 553 1554 balum
597 1508 773 1554 tinnire
810 1506 1078 1563 faciebant,
1116 1506 1284 1553 additis
1322 1508 1372 1552 in
1407 1506 1569 1554 eodem
1606 1506 1812 1570 ejusdem

398 1587 584 1633 numeri
620 1585 883 1650 equitibus,
911 1586 992 1650 qui
1027 1603 1111 1649 per
1141 1584 1391 1631 duodecim
1424 1584 1651 1631 fenestras
1681 1600 1816 1630 com-

397 1664 534 1727 pletis
562 1662 689 1709 horis
713 1661 958 1719 exiebant,
986 1673 1032 1709 et
1053 1662 1259 1726 impulsu
1282 1662 1560 1726 egressionis
1585 1678 1681 1706 suae
1705 1661 1815 1707 toti-

397 1742 501 1787 dem
527 1741 779 1797 fenestras,
808 1758 915 1805 quae
941 1741 1072 1804 prius
1103 1750 1239 1786 erant
1268 1750 1472 1804 apertae,
1500 1737 1810 1796 claudebant,

399 1836 585 1866 necnon
604 1829 650 1864 et
668 1819 753 1864 alia
771 1819 917 1864 multa
936 1829 1071 1865 erant
1091 1819 1138 1864 in
1160 1819 1261 1883 ipso
1277 1818 1547 1882 horologio,
1564 1834 1671 1881 quae
1686 1833 1815 1862 nunc

400 1912 677 1942 enumerare
703 1896 899 1960 longum
925 1906 1009 1941 est.
1039 1896 1253 1942 Fuerunt
1282 1905 1508 1958 praeterea
1536 1894 1661 1938 inter
1685 1910 1816 1955 prae-

400 1973 520 2018 dicta
543 1990 737 2018 munera
756 1971 1031 2017 candelabra
1048 1972 1143 2017 duo
1161 1989 1215 2017 ex
1234 1970 1466 2016 auricalco
1486 1969 1620 2015 mirae
1636 1969 1815 2032 magni-

402 2049 578 2095 tudinis
602 2059 642 2094 ct
672 2050 993 2112 proceritati85
1019 2066 1125 2112 quae
1151 2048 1310 2094 omnia
1337 2048 1383 2093 in
1409 2046 1615 2111 Aquensi
1641 2045 1817 2108 palatio

402 2126 457 2171 ad
498 2127 832 2189 imperatorem
871 2125 1020 2171 delata
1060 2136 1186 2171 sunt.
1228 2127 1491 2188 Imperator
1532 2124 1735 2187 legatum
1772 2133 1818 2168 et

402 2202 660 2250 monachos
683 2221 768 2266 per
792 2203 1088 2267 aliquantum
1115 2214 1298 2266 tempus
1322 2219 1479 2248 secum
1504 2202 1737 2257 retinenS,
1767 2200 1814 2244 in

405 2282 587 2328 ltaliam
612 2282 810 2337 direxit,
840 2292 979 2346 atque
1004 2281 1067 2326 ibi
1094 2299 1171 2328 eos
1198 2292 1381 2345 tempus
1405 2280 1716 2344 navigationis
1741 2297 1817 2324 ex-

405 2372 591 2424 pectare
608 2360 774 2423 jussit3
804 2359 1062 2423 eodemque
1087 2377 1213 2406 anno
1238 2357 1564 2404 Burchardum
1592 2356 1816 2402 comitem

405 2437 572 2483 stabuli
609 2439 675 2482 sui
715 2455 821 2483 cum
858 2438 997 2483 classe
1030 2437 1159 2482 misit
1193 2438 1239 2482 in
1275 2436 1537 2490 Corsicam,
1574 2444 1628 2478 ut
1662 2451 1760 2479 eam
1794 2452 1816 2478 a

450 2624 497 2666 ξι)
524 2622 593 2656 ΛΗ.
617 2622 867 2669 ΕἷςθΙΙηιΙιίιις,
885 2623 1161 2668 Engelbalduc.
1177 2644 1213 2648 κ-
1232 2623 1349 2657 Nsoces
1368 2622 1482 2655 Ιιίικ...
1502 2620 1725 2665 Egilmldtav,
1748 2632 1813 2653 un·

404 2682 493 2714 sinis
513 2682 673 2721 inclusae,
695 2695 736 2715 ex
757 2683 885 2716 Annal.
911 2683 1063 2716 Lauriss.
1083 2682 1279 2727 desumpta·
1299 2687 1395 2714 sunt.
