1924 3183
356 195 433 233 254
939 194 1186 232 KAROLUS.

358 300 517 330 mense
535 280 775 339 octobrio,
797 283 918 328 Isaac
936 281 1127 328 Judaeus
1143 281 1200 328 de
1217 281 1374 327 Africa
1394 299 1503 329 cum
1522 282 1772 347 elephanto

356 377 616 426 1·egreSSUS‚
645 364 842 407 Portum
867 359 1064 408 Veneris
1095 359 1320 416 intravit3
1356 370 1402 407 et
1433 361 1542 425 quia
1576 372 1774 426 propter

358 439 487 484 nives
520 437 660 502 Alpes
689 438 889 484 transire
924 455 1023 485 non
1054 437 1241 501 potuit,
1271 437 1497 485 Vercellis
1532 438 1770 486 hiemavit.

358 518 622 579 Imperator
664 516 948 580 Aquisgrani
991 515 1168 579 palatio
1209 514 1372 562 Natale
1418 516 1610 564 Domini
1655 516 1777 564 cele-

363 594 534 641 bravit.

960 893 1180 940 DCCCII.

427 1004 608 1049 Herena
640 1001 915 1065 imperatrix
949 1000 1006 1047 de
1044 1001 1461 1065 Constantinopoli
1491 1001 1620 1046 misit
1654 1000 1781 1065 lega·-

366 1091 493 1136 tum,
534 1079 730 1126 nomine
765 1079 1002 1136 Leonem,
1034 1076 1354 1141 spatharium,
1391 1087 1589 1140 propter
1618 1094 1781 1141 pacem

362 1156 739 1204 confirmandam
757 1157 882 1202 inter
900 1156 1107 1201 Francos
1130 1165 1177 1201 et
1199 1154 1410 1201 Graecos.
1435 1156 1497 1200 Et
1522 1155 1781 1217 imperator

362 1235 565 1280 vicissim
585 1244 784 1298 propter
801 1233 972 1296 ipsum,
993 1231 1214 1278 absoluto
1239 1232 1339 1288 illo,
1362 1232 1493 1278 misit
1509 1233 1657 1289 Jesse‚
1680 1232 1781 1295 epi-

361 1329 558 1375 scopum
588 1310 954 1357 Ambianensem
970 1344 982 1365 ,
1015 1319 1063 1356 et
1086 1308 1432 1373 Helmgaudum
1458 1310 1529 1373 (1)
1555 1310 1779 1356 comitem

363 1388 831 1451 Constantinopolim
845 1423 858 1443 ,
886 1397 941 1433 ut
961 1404 1125 1450 pacem
1149 1403 1258 1432 cum
1278 1404 1327 1433 ea
1344 1397 1622 1433 statuerent.
1647 1387 1779 1433 Cele—

362 1468 554 1514 bratum
566 1478 634 1514 est
649 1465 819 1513 Pascha
833 1465 1115 1530 Aquisgrani
1128 1464 1320 1529 palatio.
1337 1466 1484 1528 Ipsius
1493 1465 1604 1511 anni
1620 1483 1780 1511 mense

357 1545 497 1608 julio,
519 1560 603 1590 xm
620 1542 808 1590 kalend.
825 1542 1033 1605 augusti,
1052 1542 1182 1588 venit
1199 1542 1321 1587 Isaac
1341 1558 1450 1587 cum
1467 1540 1717 1605 elephanto
1734 1551 1780 1588 et

364 1623 544 1670 cacteris
559 1621 857 1677 muneribus,
876 1637 984 1685 quae
1003 1638 1027 1665 a
1044 1636 1152 1684 rege
1168 1619 1417 1665 Persarum
1432 1619 1567 1664 missa
1583 1628 1713 1674 sunt,
1734 1628 1781 1664 et

364 1700 654 1766 Aquasgrani
669 1699 830 1746 omnia
841 1697 1116 1762 imperatori
1130 1696 1314 1743 detulit.
1328 1695 1516 1743 Nomen
1529 1695 1780 1760 elephanto

363 1788 463 1826 erat
482 1776 738 1823 Abulabaz.
773 1775 955 1822 Ortona
984 1775 1147 1820 civitas
1181 1775 1229 1820 in
1256 1774 1387 1820 Italia
1411 1774 1459 1819 in
1487 1772 1779 1820 deditionem

362 1867 566 1920 accepta.
586 1855 782 1902 Luceria
797 1871 989 1918 quoque
1004 1853 1244 1918 frequenti
1265 1851 1514 1898 obsidione
1528 1850 1717 1915 fatigata
1733 1861 1778 1897 et

365 1936 459 1998 ipsa
479 1935 528 1979 in
547 1932 840 1980 deditionem
858 1931 990 1978 venit
1003 1966 1016 1987 ,
1036 1930 1406 1994 praesidiumque
1427 1940 1706 1975 nostrorum
1730 1928 1777 1974 in

361 2030 410 2059 ea
436 2011 664 2075 positum.
699 2012 963 2073 Imperator
991 2009 1163 2055 aestatis
1196 2019 1411 2071 tempore
1447 2008 1496 2053 in
1522 2007 1778 2053 Arduenna

363 2090 611 2136 venatibus
638 2087 910 2152 indulgem,
939 2087 1084 2133 misso
1109 2087 1157 2132 in
1183 2086 1435 2134 Saxoniam
1456 2086 1665 2132 exercitu
1683 2085 1774 2147 (2),

365 2164 706 2211 transalbianos
723 2165 929 2211 Saxones
946 2163 1161 2209 vastavit.
1185 2162 1484 2209 Grimoaldus
1499 2197 1512 2217 ‚
1532 2166 1778 2208 Beneven-

364 2254 588 2289 tanorum
611 2240 705 2287 dux
722 2276 733 2295 ‚
764 2242 811 2286 in
837 2240 1030 2286 Luceria
1053 2239 1351 2304 Winigisum
1368 2276 1380 2299 ‚
1405 2238 1629 2284 comitem
1653 2238 1777 2301 Spo-

365 2321 461 2366 letii
478 2355 490 2375 ,
521 2319 602 2383 qui
639 2317 860 2380 praesidio
892 2327 1120 2380 praeerat,
1153 2316 1341 2362 adversa
1371 2315 1636 2363 valetudine
1662 2314 1777 2360 fati-

411 2538 462 2577 (i)
488 2533 559 2568 All.
605 2531 899 2578 Helmgandum,
944 2529 1239 2576 Helingaudum,
1285 2528 1551 2575 Heligaudzmz‚
1594 2527 1773 2573 Heingal—

364 2594 453 2626 dun.

413 2654 461 2696 (a)
489 2653 541 2685 lta
572 2652 705 2685 liabent
733 2651 915 2685 Freherus
942 2656 974 2683 ct
1008 2650 1049 2683 l).
1078 2649 1190 2695 l‘louq.
1218 2668 1262 2673 --
1288 2648 1392 2681 Pertz
1417 2663 1421 2679 t
1453 2648 1561 2680 natm-0
1584 2647 1771 2680 Saoeommz

365 2713 535 2743 1·.1·(¹7·(,·1'!11,
