2043 3193
517 154 567 190 (56
850 147 972 185 VITA
1003 147 1071 184 ΚΑ
1079 145 1194 183 ROLI
1228 144 1588 183 IMPERATORIS.

520 236 702 283 Mortes
727 234 937 281 filiorum
960 251 1012 279 ac
1037 233 1170 289 filiae,
1201 248 1291 296 pro
1321 232 1706 296 magnanimitate
1728 249 1819 297 qua
1842 249 1927 279 ex—

518 311 739 368 cellebat,
766 312 923 357 minus
959 311 1032 376 (1)
1060 310 1294 374 patienter
1319 309 1394 372 (2)
1420 308 1554 365 tulit,
1577 309 1750 373 pietate
1771 310 1930 357 videli-

518 400 614 446 cet,
657 405 749 453 qua
780 405 880 435 non
903 388 1060 434 minus
1096 387 1288 451 insignis
1313 386 1387 450 (5)
1418 395 1546 441 erat,
1571 386 1841 450 compulsus
1873 386 1930 432 ad

516 468 762 531 lacrymas.
782 466 1015 513 Nuntiato
1038 466 1180 512 etiam
1206 463 1293 510 sibi
1318 463 1514 510 Adriani
1543 465 1744 511 Romani
1769 465 1929 528 ponti-

518 544 616 590 ficis
650 541 812 598 obitu,
841 560 983 606 quem
1018 543 1067 588 in
1101 542 1261 587 amicis
1280 542 1353 604 (4)
1378 541 1674 605 praecipuum
1700 539 1900 588 habebat
1916 576 1929 597 ,

518 620 582 666 sic
606 619 735 667 ssevit
772 637 824 665 ac
861 620 897 665 si
934 619 1133 665 fratrem
1159 628 1240 664 aut
1270 619 1563 664 carissimum
1584 617 1736 664 filium
1759 617 1935 664 amisis-

519 707 589 745 set
614 698 703 761 (5)
731 699 846 743 Erat
872 697 1000 743 enim
1025 697 1073 742 in
1099 696 1316 742 amicitiis
1340 697 1521 761 optime
1546 706 1854 760 temperatus,
1880 705 1935 741 ut

520 794 592 823 eas
633 787 679 822 et
708 775 844 822 facile
877 774 1148 822 admitteret
1170 775 1244 839 (6)
1270 785 1316 821 et
1350 775 1726 821 constantissime
1759 774 1937 821 retine—

521 863 618 909 ret,
647 852 925 917 colebatque
950 853 1239 899 sanctissime
1257 870 1582 918 quoscumque
1607 852 1691 899 hac
1716 852 1939 899 affinitate

523 929 610 976 sihi
642 931 972 992 conjunxerat.
995 929 1227 976 Filiorum
1253 947 1305 975 ac
1323 929 1528 976 filiarum
1556 939 1733 976 tantam
1753 930 1801 975 in
1827 929 1938 976 edu-

523 1006 673 1054 cando
704 1025 864 1053 curam
893 1006 1061 1054 habuit
1079 1043 1091 1064 ‚
1119 1019 1173 1053 ut
1197 1025 1444 1072 nunquam
1467 1007 1597 1056 domi
1626 1008 1806 1072 positus
1841 1007 1941 1054 sine

525 1085 634 1148 ipsis
669 1094 882 1131 coenaret
907 1085 995 1148 (7),
1028 1102 1275 1150 nunquam
1293 1085 1383 1132 iter
1406 1086 1508 1132 sine
1534 1085 1625 1132 illis
1652 1094 1810 1150 ageret
1831 1085 1902 1149 (8)
1928 1105 1938 1130 :

526 1161 864 1226 adequitabant
886 1162 926 1209 ei
953 1161 1066 1219 filii,
1094 1161 1205 1209 filiae
1233 1179 1346 1210 vero
1373 1180 1497 1226 pone
1511 1163 1581 1227 (9)
1604 1162 1939 1227 sequebantur,

524 1257 726 1304 quarum
759 1256 925 1303 agmen
958 1251 1224 1286 extremum
1260 1257 1317 1286 ex
1354 1240 1610 1287 satellitum
1651 1257 1853 1287 numero
1888 1239 1945 1285 ad

527 1316 618 1363 hoc
639 1316 848 1363 ordinati
870 1315 1144 1363 tuebantur.
1172 1317 1290 1377 Quae
1310 1336 1419 1364 cum
1437 1317 1774 1382 pulcherrimae
1793 1328 1947 1365 essent

527 1405 575 1441 et
599 1394 658 1440 ab
693 1411 748 1440 eo
783 1393 1046 1458 plurimum
1069 1393 1401 1460 diligerentur,
1429 1395 1607 1441 mirum
1628 1395 1786 1454 dictu,
1816 1395 1948 1459 quod

529 1471 712 1518 nullam
751 1488 913 1518 earum
946 1472 1168 1536 cuiquam
1199 1482 1280 1518 aut
1319 1490 1515 1521 suorum
1558 1482 1640 1519 aut
1676 1483 1950 1519 exterorum

531 1559 738 1612 nuptum
755 1547 865 1594 dare
889 1547 1042 1594 voluit
1054 1568 1067 1605 ‚-
1099 1548 1175 1595 sed
1200 1566 1365 1597 omnes
1385 1566 1560 1606 secum,
1594 1567 1743 1614 usque
1761 1549 1818 1595 ad
1840 1547 1951 1595 obi-

581 1702 631 1746 (1)
657 1702 712 1735 Ita
736 1700 874 1735 habent
897 1700 940 1734 D.
972 1701 1088 1749 Bouq.
1117 1709 1153 1736 et
1185 1702 1315 1749 pleriq.
1348 1702 1452 1738 codd.
1485 1723 1531 1729 —
1559 1703 1663 1738 Pertz
1695 1709 1840 1745 autem,
1869 1714 1951 1736 cum

535 1759 640 1793 codd.
674 1758 887 1796 Vindobon.
915 1758 996 1808 667,
1027 1760 1161 1807 Regin.
1189 1761 1369 1796 Clu-istiu.
1397 1760 1478 1810 657,
1508 1768 1545 1796 et
1575 1761 1682 1796 codd.
1713 1761 1806 1808 Reg.
1838 1761 1951 1795 Paris.

536 1819 628 1866 5926
651 1826 688 1854 et
709 1818 803 1867 5999
823 1835 829 1853 t
858 1822 984 1863 nimis,
1016 1820 1116 1868 quod
1140 1820 1288 1868 reliquae
1307 1821 1494 1856 sententiae
1519 1822 1642 1856 minus
1668 1828 1953 1856 consentaneum

536 1879 693 1913 videtur.

584 1940 634 1985 (2)
660 1939 717 1974 Cf.
736 1939 836 1974 Suet.
858 1939 953 1986 Aug.
977 1952 1006 1973 c.
1025 1938 1082 1973 65.

585 1997 636 2044 (5)
662 1998 751 2033 Cod.
771 1998 985 2035 Vindobon.
1004 1998 1071 2046 667
1089 2015 1095 2032 t
1116 2012 1189 2045 (sua
1208 2012 1279 2033 non
1300 2001 1418 2034 minor
1436 2006 1526 2033 erat.

585 2060 636 2104 (4)
661 2058 778 2093 Codd.
805 2059 1049 2101 Monacensis,
1074 2065 1111 2093 et
1137 2059 1348 2095 Vindobon.
1380 2058 1448 2094 558
1471 2066 1509 2094 et
1532 2071 1621 2093 110:
1646 2061 1685 2093 in
1712 2060 1892 2093 amicitiis.
1914 2077 1959 2082 —-

542 2118 702 2153 lN'uenar.
725 2130 845 2153 comes
866 2135 871 2152 :
894 2132 1002 2166 quem
1021 2121 1190 2153 amicum.

588 2177 638 2223 (5)
664 2178 722 2212 Sic
747 2178 845 2225 apud
871 2178 916 2213 D.
944 2179 1059 2226 Bouq.
1087 2186 1123 2213 et
1151 2179 1342 2226 plerosque
1362 2179 1469 2213 codd.
1502 2201 1543 2205 —-
1571 2180 1675 2214 Pcrtz
1695 2187 1732 2214 ct
1759 2179 1836 2213 cod·
1868 2174 1957 2209 Vin-

543 2235 679 2270 dobon.
700 2235 767 2284 667
791 2252 797 2270 ε
812 2237 923 2282 flevit
948 2238 1120 2283 utfill'um
1137 2245 1202 2272 aul
1219 2241 1253 2272 si
1262 2239 1431 2285 finirem
1449 2241 1631 2273 ann'sisset
1645 2235 1885 2269 atri-S‘Sl'trlllllz.
1913 2252 1959 2258 —

544 2295 636 2330 Cod.
655 2295 834 2330 Christin.
853 2296 985 2342 Regin.
1002 2295 1071 2344 657
1090 2297 1219 2342 :flevil
1242 2311 1286 2332 ac
1303 2299 1336 2331 si
1351 2296 1711 2342 cmissimumfilium
1725 2292 1960 2338 autsratrem

546 2357 737 2389 amisisset.

591 2414 642 2459 (6)
668 2415 725 2450 Cf.
746 2415 845 2449 Suet.
865 2415 963 2461 Aug.
981 2427 1012 2449 c.
1032 2414 1091 2449 66.

593 2475 642 2522 (7)
668 2474 724 2509 Cf.
745 2474 835 2508 ibid.
858 2487 887 2508 c.
907 2474 965 2517 64.

595 2534 645 2577 (8)
670 2534 827 2568 Nucnar.
847 2546 967 2569 comes
984 2541 1020 2569 et
1038 2546 1098 2569 sex
1115 2533 1392 2580 cod‹l.saee1·ct.

596 2593 645 2638 (9)
672 2593 724 2626 Ita
740 2593 851 2627 habet
870 2594 913 2627 D.
937 2594 1070 2640 Bouq.·,
1090 2594 1214 2628 Pei-iz:
1236 2607 1347 2638 penes:
1369 2591 1486 2628 Codd.
1506 2591 1596 2637 ch.
1618 2589 1730 2624 Paris.
1748 2586 1856 2635 4955,
1879 2587 1961 2621 Flo-

985 2652 1049 2660 ν-ι-η

552 2652 717 2685 fominus
738 2659 773 2685 ct
796 2653 962 2687 Vaticau.
986 2662 1077 2700 3339
1095 2670 1100 2686 :
1121 2666 1245 2698 penes.
