1924 3183
423 149 494 184 170
994 142 1240 180 KAROLU&

414 232 483 277 sui
510 239 796 277 conventum
824 229 873 274 in
893 245 948 276 eo
972 228 1220 275 habiturus
1236 266 1247 288 ⁷
1276 245 1384 274 cum
1409 229 1589 293 ingenti
1615 231 1822 277 exercitu

416 310 465 355 in
490 308 743 355 Saxoniam
778 306 1019 371 profectus
1047 317 1130 354 est.
1165 307 1239 353 Eo
1268 323 1375 353 cum
1410 307 1634 364 venisset,
1667 317 1824 354 totum

416 386 609 450 perfidae
628 385 781 450 gentis
798 396 1013 432 senatum
1031 402 1082 430 ac
1096 384 1346 448 populum,
1369 400 1511 448 quem
1529 383 1585 430 ad
1603 402 1650 431 se
1664 385 1825 432 venire

411 468 641 527 jusserat,
667 465 959 529 morigerum
988 480 1040 509 ac
1064 462 1294 509 fallaciter
1318 460 1407 508 sibi
1441 461 1666 509 devotum
1691 463 1826 510 inve-

417 542 506 587 nit.
535 541 655 587 Nam
679 541 839 586 cuncti
871 540 928 587 ad
962 558 1071 587 eum
1097 550 1334 586 venerunt
1358 549 1533 602 praeter
1554 538 1829 586 Widichin-

417 617 531 663 dum
569 618 673 681 (1),
717 635 868 664 unum
911 634 967 663 ex
1001 614 1292 681 primoribus
1330 615 1702 672 Westfalorum‚
1744 616 1827 680 qui

417 696 682 743 multorum
716 695 804 741 sibi
834 695 1104 742 facinorum
1131 694 1371 750 conscius,
1407 704 1453 754 et
1489 692 1551 740 oh
1591 693 1637 739 id
1671 710 1830 758 regem

418 775 618 831 veritus,
657 774 714 821 ad
750 773 1027 838 Sigifridum
1058 773 1303 819 Danorum
1342 789 1500 837 regem
1532 770 1826 836 profugerat.

420 853 588 900 Caeteri
610 854 690 917 qui
710 862 965 909 venerant,
993 852 1041 897 in
1068 860 1254 896 tantum
1278 868 1324 896 se
1341 851 1463 914 regis
1480 850 1702 914 potestati
1727 867 1830 913 per-

421 930 589 976 misere
629 929 725 991 (2),
758 939 811 974 ut
847 946 897 976 ea
930 927 1205 976 conditione
1248 938 1362 972 tunc
1401 927 1589 974 veniam
1622 926 1832 989 accipere

420 1016 719 1053 mererentur
734 1043 747 1064 ,
774 1007 811 1052 si
836 1006 1033 1052 ulterius
1055 1023 1133 1051 sua
1152 1014 1325 1050 statuta
1340 1004 1597 1062 violarent,
1621 1015 1667 1052 et
1681 1005 1832 1068 patria

421 1094 467 1129 et
490 1082 708 1130 libertate
731 1084 1050 1147 privarentur.
1071 1082 1308 1146 Baptizata
1326 1093 1394 1129 est
1411 1099 1469 1129 ex
1488 1083 1551 1129 eis
1566 1083 1638 1146 (5)
1658 1081 1833 1128 ibidem

421 1161 624 1206 maxima
648 1160 934 1217 multitudo,
962 1177 1068 1224 quae
1103 1176 1173 1217 se,
1197 1160 1410 1222 quamvis
1445 1160 1588 1217 falso,
1615 1159 1835 1206 christia-

422 1257 532 1284 nam
564 1239 664 1285 fieri
697 1239 816 1286 velle
851 1239 1150 1302 promiserat.
1179 1238 1326 1284 Venit
1351 1238 1401 1284 in
1433 1239 1598 1287 eodem
1639 1238 1745 1286 loco
1783 1255 1835 1283 ac

426 1327 636 1379 tempore
665 1315 721 1361 ad
745 1315 866 1380 regis
889 1315 1189 1379 praesentiam
1215 1315 1272 1362 de
1303 1315 1526 1379 Hispania
1553 1316 1835 1361 Sarracenus

414 1393 615 1456 'quidam
652 1393 848 1439 nomine
888 1391 1170 1438 Ibinalarabi
1197 1392 1267 1455 (4)
1299 1409 1408 1438 cum
1445 1392 1546 1437 aliis
1570 1391 1835 1437 Sarracenis

426 1470 561 1516 sociis
587 1471 703 1526 suis,
729 1468 902 1516 dedens
922 1487 968 1516 se
987 1486 1038 1515 ac
1058 1470 1291 1526 civitates,
1313 1468 1486 1533 quibus
1504 1486 1610 1515 eum
1635 1486 1718 1515 rex
1739 1469 1836 1514 Sar-

427 1563 707 1593 racenorum
728 1545 1022 1609 praefecerat.
1044 1544 1227 1592 Idcirco
1247 1563 1347 1603 rex,
1368 1555 1559 1609 peracto
1573 1555 1837 1592 memorato

428 1635 693 1682 conventu,
726 1625 773 1670 in
806 1623 1008 1669 Galliam
1043 1641 1279 1680 reversus,
1315 1623 1518 1668 natalem
1556 1623 1748 1670 Domini
1788 1623 1835 1669 in

427 1701 652 1747 Dutciaco
678 1701 747 1764 (5)
769 1701 878 1746 villa
891 1736 904 1758 ‚
926 1700 1097 1746 Pascha
1117 1717 1231 1749 vero
1252 1700 1301 1745 in
1319 1700 1572 1765 Aquitania
1591 1700 1715 1763 apud
1734 1700 1838 1746 Casa

430 1780 673 1825 sinoillum
699 1779 768 1842 (6)
794 1777 1049 1826 celebravit
1073 1779 1161 1842 (7).

939 1918 1055 1964 DCC
1062 1917 1327 1965 LXXVIII.

496 2027 632 2070 Tunc
666 2044 719 2071 ex
745 2027 1045 2088 persuasione
1079 2024 1293 2088 praedicti
1326 2025 1566 2071 Sarraceni
1601 2041 1730 2088 spem
1762 2042 1839 2070 ca-

477 2182 526 2226 (1)
552 2179 621 2215 All.
648 2180 696 2213 W
693 2180 938 2223 iniclzindum,
964 2180 1253 2220 Windiclzinmn;
1275 2181 1427 2215 Freher.
1454 2188 1490 2215 et
1513 2181 1558 2215 D.
1584 2181 1696 2227 Bouq.
1724 2180 1839 2214 Widi-

433 2240 597 2274 kindum.

478 2300 527 2344 (2)
554 2298 595 2332 D.
616 2299 730 2346 Bouq.
755 2311 838 2333 cum
856 2299 1007 2333 Freher.
1028 2299 1240 2333 submisere.

479 2356 530 2402 (3)
557 2357 648 2393 Cod.
672 2357 886 2393 Vindobon.
911 2370 997 2392 110:
1020 2371 1101 2392 cum
1120 2361 1182 2393 eis.

480 2420 530 2463 (4)
556 2417 628 2452 All.
648 2418 915 2461 Ebinalarahl',
936 2419 1202 2453 Abeualarabi.

480 2477 530 2522 (5)
555 2478 626 2512 All.
647 2478 840 2522 Duccz'aw,
862 2479 1049 2517 Dumium,-
1070 2479 1113 2513 D.
1130 2479 1245 2525 Bouq.
1265 2489 1346 2511 cum
1366 2476 1513 2511 Fi‘cher.
1532 2475 1678 2509 Dulcia.

481 2535 531 2580 (6)
558 2536 628 2570 All.
658 2536 943 2579 Cassz'tmildzmz,
968 2538 1248 2583 Cassinogiltmz.

483 2596 532 2641 (7)
559 2596 627 2629 Hic
647 2596 828 2630 Freherus
848 2597 949 2631 addit
970 2613 974 2630 z
999 2598 1041 2631 In
1062 2610 1134 2643 qna
1154 2597 1246 2631 villa
1267 2601 1375 2629 natu-s*
1394 2600 1446 2627 es!
1469 2594 1623 2639 eisilcnx
1646 2605 1692 2626 (τι)
1715 2592 1840 2626 Hilde-

438 2654 551 2696 5;(ll'df²
574 2657 717 2698 regina,
745 2670 848 2701 quem
868 2670 914 2691 01
934 2658 1152 2703 sacrofonte
1175 2655 1417 2689 Illudmtc‘cum
1441 2656 1729 2688 ηυιηίιι(ιυ(;1ἰ(ηἰ.
1746 2654 1843 2696 Quas

438 2725 537 2747 voces
560 2726 676 2759 noque
699 2716 741 2748 D.
767 2717 877 2762 Bouq.
901 2730 1017 2763 nequo
1035 2718 1197 2751 pertzius
1212 2715 1447 2749 admiserunt.
