1924 3183
396 167 469 205 104
724 166 845 204 VITA
877 165 1072 204 KAROLI
1105 165 1467 205 IMPERATORIS.

395 276 416 297 «
445 254 736 317 gemmisque
760 264 807 300 et
830 263 1005 301 ornatu
1034 252 1165 315 regio
1200 252 1248 297 in
1278 251 1382 308 illa,
1415 263 1468 297 ut
1500 250 1683 299 dictum
1705 263 1800 311 est,

396 354 417 376 κ
443 332 518 378 die
545 332 591 377 iu
618 348 797 377 camera
822 334 917 394 ejus
942 340 1129 394 poterat
1163 329 1397 385 inveniri,
1432 329 1590 393 primo
1613 330 1804 394 quidem

394 430 415 451 r<
446 409 569 454 trina
607 408 837 454 divisione
873 407 1073 470 partitus
1106 415 1207 463 est,
1232 404 1402 451 deinde
1435 406 1617 452 easdem
1650 416 1804 469 partes

393 507 414 529 «
441 484 815 542 subdividendo,
846 485 903 531 de
929 482 1108 530 duabus
1141 481 1355 546 partibus
1378 482 1548 547 viginti
1582 493 1629 529 et
1661 500 1804 529 unam

391 585 413 608 «
441 574 623 627 partem
647 562 783 617 fecit,
820 561 1010 608 tertiam
1042 561 1275 625 integram
1306 561 1572 607 reservavit.
1605 560 1667 606 Et
1694 560 1806 607 dua-

391 663 412 686 «
440 659 548 687 rum
566 640 757 705 quidem
784 640 992 703 partium
1014 639 1062 684 in
1077 639 1245 703 viginti
1271 649 1316 685 et
1336 656 1481 684 unam
1496 648 1682 701 partem
1704 638 1806 685 sac-

393 739 415 763 «
443 728 488 764 ta
519 717 689 764 divisio
723 715 800 762 tali
835 716 1021 762 ratione
1057 715 1274 762 consistit
1309 725 1390 773 ut,
1425 716 1544 780 quia
1576 716 1624 762 in
1656 732 1805 780 regno

392 816 414 839 «
444 795 567 841 illius
607 792 991 857 metropolitanae
1029 793 1240 839 civitates
1278 792 1450 856 viginti
1485 803 1532 839 et
1570 810 1660 838 una
1709 809 1805 839 esse

391 894 413 917 «
441 882 734 926 noscuntur,
762 887 1061 935 unaquaeque
1095 869 1283 915 illarum
1311 870 1518 934 partium
1551 870 1608 916 ad
1631 888 1805 916 unam-

391 972 411 995 «
440 967 678 1015 quamque
707 947 1016 1011 metropolim
1043 964 1128 1011 per
1155 964 1321 993 manus
1351 946 1579 993 heredum
1606 957 1652 994 et
1683 948 1805 993 ami-

390 1049 412 1073 «
442 1045 609 1074 corum
627 1043 825 1073 suorum
844 1025 1141 1072 eleemosinae
1161 1025 1358 1071 nomine
1377 1026 1646 1089 perveniat,
1665 1035 1712 1071 et
1729 1043 1805 1071 ax·-

390 1127 412 1149 «
442 1104 766 1168 chiepiscopus
782 1102 863 1167 qui
879 1113 995 1148 tunc
1012 1102 1136 1148 illius
1152 1102 1358 1149 ecclesiae
1375 1113 1535 1150 rector
1549 1104 1803 1162 exstiterit,

390 1204 412 1227 z<
442 1192 625 1247 partem
652 1199 759 1245 quae
783 1180 839 1226 ad
865 1197 998 1225 suam
1023 1180 1264 1226 ecclesiam
1291 1180 1395 1226 data
1422 1191 1491 1227 est
1518 1181 1802 1245 suscipiens,

389 1282 410 1305 «
438 1278 546 1306 cum
578 1260 672 1304 suis
705 1258 1008 1322 suffraganeis
1041 1259 1304 1321 partiatur,
1341 1275 1398 1304 eo
1427 1257 1605 1305 scilicet
1629 1258 1801 1315 modo,

387 1359 409 1382 «
438 1348 490 1384 ut
510 1355 615 1401 pars
637 1336 773 1382 tertia
793 1353 889 1381 suae
909 1335 970 1380 sit
988 1335 1193 1381 ecclesiae
1207 1370 1220 1390 ‚
1247 1334 1352 1381 duae
1376 1352 1488 1382 vero
1505 1345 1660 1399 partes
1680 1336 1806 1383 inter

387 1416 753 1480 «suffraganeos
795 1414 1084 1460 dividantur.
1128 1414 1308 1460 Harum
1346 1413 1661 1470 divisionum,
1697 1431 1804 1479 quae

388 1516 409 1539 κ
439 1513 495 1541 ex
515 1493 696 1539 duabus
720 1493 888 1556 primis
920 1490 1132 1556 partibus
1156 1491 1291 1538 factae
1317 1502 1454 1548 sunt,
1484 1494 1675 1556 etjuxta
1708 1510 1805 1538 me-

387 1594 408 1616 «
440 1570 941 1636 tropolitanarum(1)
978 1569 1224 1615 civitatum
1258 1586 1517 1615 numerum
1551 1570 1719 1633 viginti
1757 1581 1803 1616 et

386 1672 408 1693 «
435 1667 529 1695 una
564 1665 659 1695 esse
686 1657 976 1702 noscuntur,
1013 1664 1310 1711 unaquaeque
1342 1645 1401 1692 ab
1433 1647 1577 1693 altera
1611 1665 1804 1712 seques—

385 1749 408 1771 «
435 1737 574 1783 trata,
591 1725 811 1772 semotim
828 1724 874 1770 in
886 1741 970 1770 suo
981 1724 1267 1788 repositorio
1281 1742 1389 1770 oum
1401 1725 1804 1789 superscriptione

385 1827 406 1848 «
436 1804 636 1851 cix-itatis
672 1802 728 1848 ad
767 1819 910 1866 quam
941 1800 1219 1865 perferenda
1256 1811 1347 1857 est,
1382 1801 1628 1848 recondita
1656 1805 1797 1866 jacet.

383 1906 404 1927 «
439 1883 646 1930 Nomina
683 1880 1023 1944 metropolium
1045 1916 1056 1934 ,
1091 1879 1147 1925 ad
1180 1897 1295 1944 quas
1326 1880 1486 1926 eadem
1521 1880 1801 1927 eleemosina

384 1983 405 2005 «
434 1962 528 2006 sive
569 1959 757 2023 largitio
794 1957 1004 2005 facienda
1041 1968 1110 2004 est
1141 1958 1241 2021 (2),
1278 1957 1377 2004 haec
1410 1968 1522 2003 sunt
1562 1978 1571 2003 :
1613 1959 1761 2004 Roma
1785 1994 1796 2013 ‚

384 2059 406 2082 «
434 2040 653 2083 Ravenna
676 2073 687 2091 ,
727 2035 1074 2090 Mediolanum,
1112 2035 1288 2080 Forum
1316 2034 1428 2080 Julii
1455 2035 1549 2098 (3),
1586 2033 1794 2090 Gradus,

426 2212 476 2255 (ι)
502 2210 555 2243 lla
576 2209 664 2255 legit
684 2209 727 2242 D.
751 2209 865 2254 Bouq.
886 2219 969 2241 cum
989 2207 1096 2241 codd.
1114 2205 1207 2253 Reg.
1228 2207 1342 2240 Paris.
1361 2204 1452 2253 5997
1471 2212 1508 2239 et
1523 2203 1627 2252 5999.
1642 2205 1797 2239 -Nue·

378 2282 455 2303 nar.
476 2280 595 2302 comes
617 2283 621 2300 z
647 2267 1004 2312 tnetrnpolilicarum.
1022 2287 1061 2290 —d
1076 2266 1200 2308 Pertz,
1224 2265 1283 2299 hie
1300 2271 1337 2299 et
1350 2264 1461 2299 infra:
1480 2264 1797 2309 metropoleorum.

425 2329 474 2372 μ)
501 2326 649 2361 Nuenar
682 2337 775 2359 com.
798 2324 888 2359 dala
908 2331 971 2358 est¹

424 2384 473 2431 (Β)
499 2386 582 2419 Ilaec
599 2385 787 2419 civitatum
808 2383 954 2417 nomina
971 2384 1007 2416 in
1023 2382 1128 2416 codd.
1147 2389 1184 2416 et
1202 2381 1310 2416 editis
1327 2381 1385 2414 his
1404 2381 1510 2414 variis
1527 2379 1645 2414 modis
1663 2380 1796 2425 scripta

379 2446 549 2487 anguntur
572 2461 576 2476 :
608 2443 796 2489 Forojulii.
831 2464 863 2466 —
890 2441 1039 2483 Graclis,
1067 2440 1234 2483 Vradus,
1266 2439 1485 2474 Warendus.
1515 2460 1557 2463 -—
1581 2439 1792 2485 Illogontia,

378 2506 590 2549 ΑῐΙιιᾳωηίίιι,
612 2504 889 2549 ῘὶΙηςοηίῐαιηις,
910 2503 1212 2548 sllagzmliacum:
1233 2501 1393 2534 Nuenar.
1415 2510 1535 2533 Comes
1555 2515 1560 2532 :
1582 2499 1793 2545 Magantia-

377 2577 466 2595 amnv
484 2583 529 2588 -
543 2562 752 2603 Juzmm'mn,
784 2562 1000 2601 Jmmuinm,
1028 2561 1231 2594 szmcsum
1249 2577 1254 2597 ;
1276 2558 1415 2593 Ruberi
1435 2556 1542 2591 codd.
1568 2557 1769 2591 ,Ῐιιιιαιιὶιιηι
1786 2575 1791 2588 .-

381 2623 536 2656 Nurum:
558 2635 676 2656 comes
696 2636 699 2650 1
727 2623 920 2656 Viwanmn.
945 2642 988 2646 ———
1009 2621 1174 2663 Salslmr,
1198 2619 1407 2664 Salstburg,
1434 2617 1646 2659 Salzburclz,
1671 2617 1792 2651 Sala»—

379 2682 507 2716 tvm-cle.
534 2682 747 2716 salz-eluas„
778 2682 1000 2715 salz-burm».
1034 2680 1207 2724 Saltburg
1226 2708 1229 2715 ,
1258 2678 1435 2722 Salluerqs
1459 2677 1616 2710 Nucnar.
1639 2688 1758 2711 comes
1784 2692 1789 2695 -
