1924 3183
389 155 468 191 320
908 152 1284 193 HLUDOWICUS.

390 239 758 295 Abodritorum,
781 248 828 285 et
846 238 903 287 de
922 240 1144 304 Hispania
1168 240 1344 304 legatos
1363 240 1706 300 Abdirahman,
1729 245 1815 292 filii

389 316 571 363 Abulaz
593 316 743 381 regis,
770 316 827 363 ad
857 334 904 364 se
929 318 1093 365 missos
1118 318 1351 382 suscepit3
1379 320 1722 386 completisque
1750 322 1815 369 ibi

389 393 559 457 viginti
583 393 657 441 vel
684 410 740 440 eo
765 393 967 458 amplius
989 392 1180 452 diebus,
1203 393 1495 460 Aquasgrani
1521 396 1578 444 ad
1603 396 1817 445 hieman-

388 470 503 518 dum
534 471 778 535 profectus
807 483 892 520 est.

957 840 1275 888 DCCCXVII.

449 948 609 1014 Legati
622 946 948 994 Abdirahman
966 947 1051 994 filii
1066 947 1265 1006 Abulaz,
1281 950 1405 1012 regis
1421 949 1810 1005 Sarracenorum5,

381 1028 439 1075 de
459 1028 809 1090 Caesaraugusta
827 1025 977 1082 missi,
997 1025 1124 1089 pacis
1146 1026 1365 1089 petendae
1382 1027 1532 1091 gratia
1549 1038 1811 1086 venerunt,

383 1116 430 1153 et
455 1103 751 1169 Compendio
776 1105 835 1149 ab
859 1104 1148 1167 imperatore
1171 1104 1350 1161 auditi,
1378 1103 1674 1170 Aquasgrani
1702 1122 1812 1152 eum

380 1183 652 1248 praecedere
674 1182 790 1246 jussi
823 1191 952 1227 sunt.
985 1180 1095 1241 Quo
1122 1198 1232 1227 cum
1256 1182 1574 1246 pervenisset,
1604 1183 1812 1248 legatum

382 1262 556 1308 Leonis
581 1259 884 1324 imperatoris
908 1258 966 1306 de
989 1259 1442 1324 Constantinopoli,
1464 1278 1554 1324 pro
1575 1260 1810 1307 Dalmata-

381 1357 492 1385 rum
518 1339 587 1402 (i)
615 1356 749 1384 causa
771 1337 996 1394 missum,
1024 1336 1299 1384 Niciforum
1322 1339 1543 1395 nomine,
1577 1339 1807 1402 suscepit,

380 1435 524 1483 quem
548 1417 687 1464 etiam
702 1452 715 1473 ‚
742 1415 854 1481 quia
874 1414 1083 1462 Cadolah
1103 1415 1176 1479 (2)
1193 1451 1205 1472 ,
1232 1415 1290 1461 ad
1312 1432 1458 1480 quem
1480 1415 1677 1463 illorum
1694 1433 1811 1463 con-

382 1495 553 1542 finium
580 1511 690 1540 cura
715 1492 1015 1557 pertinebat,
1050 1510 1151 1540 non
1182 1492 1372 1551 aderat,
1405 1504 1452 1540 et
1487 1503 1646 1541 tamen
1677 1493 1810 1541 brevi

380 1582 613 1619 venturus
643 1569 924 1635 putabatur,
963 1570 1221 1616 adventum
1249 1569 1375 1616 illius
1404 1571 1545 1635 jussit
1576 1571 1806 1635 opperiri.

384 1650 494 1711 Quo
513 1650 736 1697 veniente
749 1685 763 1708 ,
785 1649 909 1695 ratio
935 1649 1062 1695 inter
1080 1665 1190 1694 eum
1208 1659 1255 1695 et
1278 1648 1485 1713 legatum
1510 1649 1809 1713 imperatoris

379 1729 437 1776 de
456 1727 805 1794 quaestionibus
829 1744 944 1792 quas
969 1725 1094 1773 idem
1112 1726 1306 1783 detulit,
1333 1725 1491 1773 habita
1511 1737 1606 1784 est3
1634 1736 1680 1773 et
1696 1727 1806 1791 quia

380 1824 454 1854 res
483 1805 540 1853 acl
575 1805 810 1870 plurimos
849 1815 896 1851 et
927 1804 1169 1851 Romanos
1204 1813 1253 1851 et
1285 1804 1473 1851 Sclavos
1507 1803 1803 1869 pertinebat,

379 1901 538 1949 neque
561 1884 662 1930 sine
692 1883 888 1930 illorum
921 1882 1173 1946 praesentia
1207 1881 1336 1928 finiri
1366 1899 1501 1945 posse
1534 1880 1803 1939 videbatur,

383 1963 468 2011 illo
485 1960 780 2009 decernenda
799 1960 1039 2018 differtur,
1061 1959 1322 2024 missusque
1344 1959 1400 2006 acl
1420 1959 1511 2007 hoc
1530 1977 1640 2006 cum
1661 1960 1810 2007 Cado-

380 2038 457 2084 lah
481 2049 528 2085 et
555 2037 789 2101 praedicto
820 2037 975 2100 legato
1002 2037 1050 2083 in
1071 2035 1354 2082 Dalmatiam
1377 2035 1646 2102 Albigarius
1662 2072 1676 2094 ‚
1703 2036 1808 2083 Un-

378 2115 513 2165 rochi
546 2133 711 2179 nepos,
744 2115 904 2180 Legati
943 2115 1086 2161 etiam
1120 2113 1470 2171 Abdirahman,
1511 2131 1622 2161 cum
1653 2114 1806 2161 tribus

379 2194 622 2242 mensibus
651 2194 833 2241 detenti
867 2204 1047 2250 essent,
1078 2204 1125 2240 et
1155 2195 1255 2257 jam
1283 2192 1340 2240 de
1371 2193 1530 2240 reditu
1559 2193 1806 2257 desperare

381 2274 663 2338 coepissent,
690 2272 873 2320 remissi
898 2282 1027 2318 sunt.
1054 2272 1161 2318 Filii
1185 2289 1378 2337 quoque
1403 2271 1655 2319 Godofridi
1679 2272 1803 2336 regis

378 2352 627 2398 Danorum
644 2386 657 2407 ,
685 2360 885 2414 propter
907 2349 1138 2396 assiduam
1170 2348 1383 2397 Herioldi
1419 2350 1796 2406 infestationem,

379 2431 517 2476 missa
541 2428 598 2475 ad
623 2429 960 2493 imperatorem
985 2427 1243 2491 legatione,
1271 2445 1434 2491 pacem
1456 2436 1649 2491 petunt,
1676 2443 1800 2473 eam-

426 2616 474 2659 (1)
500 2614 569 2649 All.
593 2614 903 2655 Dalmatc'corum,
933 2612 1240 2646 Dalmaz‘nornm.

428 2676 475 2719 ζῇ)
511 2674 571 2708 xll.
595 2673 799 2716 Cadalaclz,
823 2672 1030 2706 Kadohme.
1054 2671 1237 2706 Cadolomff
