2043 3193
519 149 569 184 72
853 144 977 182 VITA
1005 143 1200 182 KAROLI
1231 142 1592 182 IMPERATORIS.

517 229 775 277 multitudo
793 246 892 276 non
911 230 1065 277 solum
1084 230 1259 295 palatio
1272 265 1285 287 ‚
1311 247 1478 276 verum
1500 229 1641 276 etiam
1659 246 1809 294 regno
1828 247 1927 277 non

514 307 755 354 immerito
772 306 1012 354 videretur
1036 323 1251 353 onerosa.
1275 307 1377 369 Ipse
1398 316 1555 352 tamen
1571 323 1671 369 prae
1690 306 1929 370 magnitu-

513 384 623 431 dine
653 385 798 430 animi
824 384 1147 448 hujuscemodi
1169 384 1380 448 pondere
1403 383 1601 430 minime
1623 383 1925 448 gravabatur,

514 480 623 508 cum
654 465 794 510 etiam
824 464 1033 527 ingentia
1061 462 1362 510 incommoda
1391 460 1527 508 laude
1559 460 1853 509 liberalitatis
1877 479 1928 508 ac

514 541 657 589 bonae
682 542 821 588 famae
845 541 1059 588 mercede
1086 550 1429 605 compensaret.

579 854 739 900 XXII.
778 853 991 917 Corpore
1015 854 1085 914 (1)
1111 852 1203 898 fuit
1226 852 1385 916 amplo
1413 862 1555 916 atque
1582 851 1805 907 robusto,
1833 860 1930 896 sta—

514 943 616 978 tura
642 931 900 989 eminenti,
937 948 1045 995 quae
1080 941 1238 976 tamen
1264 933 1441 994 justam
1466 947 1564 976 non
1593 929 1841 976 excederet
1866 956 1931 964 --

512 1027 622 1055 nam
642 1018 819 1072 septem
840 1025 1036 1054 suorum
1063 1006 1237 1070 pedum
1262 1007 1599 1070 proceritatem
1628 1008 1726 1069 ejus
1747 1015 1931 1052 constat

512 1086 726 1133 habuisse
750 1102 1023 1132 mensuram
1041 1113 1104 1120 -—
1119 1120 1131 1142 ‚
1154 1085 1284 1150 apice
1309 1085 1473 1149 capitis
1502 1085 1715 1132 rotundo
1731 1123 1743 1145 ,
1780 1084 1930 1131 oculis

509 1162 868 1227 praegrandibus
900 1180 952 1208 ac
981 1163 1183 1226 vegetiS,
1212 1179 1324 1209 naso
1350 1163 1595 1226 paululum
1623 1162 1930 1209 mediocrita-

512 1251 608 1287 tem
625 1239 895 1296 excedenti,
915 1239 1087 1285 canitie
1110 1238 1308 1302 pulchra
1327 1239 1419 1301 (2),
1445 1239 1563 1285 facie
1583 1239 1686 1285 laeta
1707 1249 1754 1285 et-
1771 1238 1926 1284 hilari.

511 1317 648 1364 Unde
666 1317 836 1364 formae
861 1317 1115 1364 auctoritas
1132 1317 1203 1380 (ὅ)
1222 1333 1274 1362 ac
1291 1316 1494 1381 dignitas
1515 1327 1608 1362 tam
1627 1317 1770 1362 stanti
1787 1333 1929 1381 quam

512 1393 689 1441 sedenti
723 1393 927 1458 plurima
959 1391 1298 1458 adquirebatur
1330 1394 1424 1457 (4),
1452 1410 1741 1457 quamquam
1772 1392 1928 1439 cervix

510 1472 650 1519 obesa
681 1483 727 1519 et
760 1471 953 1519 brevior
989 1472 1088 1535 (5),
1127 1481 1388 1536 venterque
1411 1471 1671 1534 projectior
1700 1471 1771 1534 (6)
1797 1470 1931 1516 vide·-

511 1562 647 1598 retur
687 1568 695 1596 :
735 1562 893 1596 tamen
928 1549 1030 1596 haec
1066 1559 1352 1596 caeterorum.
1388 1547 1718 1595 membrorum
1751 1547 1931 1595 celabat.

513 1629 754 1694 aequalitas
775 1629 867 1691 (7).
907 1629 1093 1674 Incessu
1119 1627 1287 1682 firmo,
1318 1637 1512 1691 totaque
1540 1627 1754 1690 corporis
1789 1625 1930 1672 habi-

512 1706 678 1753 tudine
701 1705 850 1763 virili,
873 1722 987 1752 voce
1013 1705 1134 1751 clara
1154 1703 1370 1770 quidem,
1398 1704 1476 1751 sed
1500 1721 1607 1769 quae
1636 1705 1794 1750 minus
1819 1721 1931 1750 cor-

511 1785 642 1848 poris
687 1783 859 1830 formae
903 1784 1207 1839 conveniret3
1256 1781 1525 1829 valetudine
1570 1800 1796 1846 prospera
1831 1783 1926 1846 (8),

512 1872 688 1926 praeter
712 1860 868 1925 quod,
905 1870 1158 1924 antequam
1188 1859 1432 1907 decederet
1451 1896 1463 1916 ,
1500 1878 1585 1923 per
1613 1870 1822 1924 quatuor
1845 1877 1931 1905 an-

512 1956 599 1985 nos
618 1936 787 1984 crebro
802 1936 1015 1983 febribus
1034 1936 1401 2000 corripiebatur,
1425 1937 1481 1982 ad
1502 1947 1767 1983 extremum
1788 1937 1930 1983 etiam

559 2178 611 2223 (1)
636 2177 692 2213 Cf.
714 2176 815 2211 Suet.
835 2175 960 2210 Tiber.
982 2189 1013 2209 c.
1033 2174 1100 2218 683
1120 2177 1216 2222 Aug.
1237 2189 1269 2210 c.
1291 2188 1356 2224 793
1376 2175 1492 2223 Calig.
1517 2189 1548 2210 c.
1563 2174 1620 2211 50.

558 2247 609 2291 (Ἰ)
634 2245 691 2280 Cf.
712 2245 811 2279 Suet.
831 2243 960 2278 Claud.
986 2257 1016 2278 c.
1038 2242 1094 2278 30.

559 2312 611 2358 (5)
636 2312 695 2348 Cf.
722 2311 821 2346 Suet.
840 2310 928 2345 ibid.

559 2383 609 2427 (4)
635 2381 794 2416 Νυθηεῑ,
814 2391 934 2414 comes
955 2394 960 2412 r
984 2382 1114 2414 inerat.

560 2447 610 2493 (5)
635 2447 691 2482 Cf.
713 2446 812 2482 Suet„
834 2445 970 2480 Neron.
992 2457 1023 2479 c.
1044 2443 1101 2479 51.

560 2515 608 2559 (6)
633 2515 690 2550 Cf.
713 2515 812 2549 Suet.
832 2514 906 2548 Tit.
927 2526 956 2547 c.
978 2512 1011 2548 5.

560 2587 609 2633 (7)
634 2584 690 2618 Cs.
712 2584 810 2619 Suet.
833 2588 929 2629 Aug.
951 2596 983 2617 c.
1005 2595 1059 2631 79.

561 2651 610 2695 (8)
634 2651 690 2686 Cf·
714 2651 811 2685 Suet.
835 2650 963 2687 Claud.
987 2663 1016 2684 c.
1040 2649 1095 2684 δι,
