2043 3193
488 233 532 266 10
818 226 939 263 VITA
969 224 1163 263 KAROLI
1196 221 1555 261 IMPERATORIS.

478 313 730 379 Pippinus‚
757 324 888 377 pater
903 314 1068 360 Karoli
1091 312 1235 377 regiS,
1258 313 1355 376 jam
1370 310 1500 358 velut
1523 309 1810 370 hereditario
1829 312 1895 374 (1)

477 391 783 456 fungebatur.
825 391 947 438 Nam
978 402 1110 455 pater
1145 392 1242 454 ejus
1274 389 1505 445 Karolus,
1545 389 1627 453 qui
1666 398 1897 453 tyrannos

477 487 563 534 per
591 479 741 516 totam
767 470 1016 515 Franciam
1045 468 1346 516 dominatum
1374 466 1463 513 sihi
1487 466 1780 513 vindicantes
1802 483 1898 529 op—

481 548 676 612 pressit,
711 558 759 594 et
795 549 1076 594 Sarracenos
1114 545 1316 592 Galliam
1348 561 1579 609 occupare
1613 553 1899 607 temptantes

478 625 665 673 duobus
692 626 874 691 magnis
898 625 1073 689 praeliis
1088 660 1101 682 ‚
1131 641 1228 670 uno
1249 624 1298 669 in
1324 623 1578 688 Aquitania
1601 622 1726 687 apud
1750 622 1899 668 Picta-

478 705 612 751 vium
632 705 653 768 ζ
659 705 706 768 2)
732 704 997 759 civitatem,
1023 702 1173 748 altero
1190 703 1325 765 juxta
1349 700 1626 748 Narbonam
1647 699 1772 764 apud
1789 700 1900 746 Bir-

478 801 582 830 ram
613 783 686 847 (3)
722 782 923 829 fluvium
936 816 949 838 ,
988 781 1052 826 ita
1086 779 1289 836 devicit,
1327 788 1382 824 ut
1421 780 1472 825 in
1508 779 1781 844 Hispaniam
1819 795 1900 825 eos

479 860 634 908 redire
652 859 977 923 compelleret,
999 856 1219 904 eumdem
1238 856 1583 921 magistratum,
1604 874 1629 902 a
1650 866 1784 920 patre
1797 856 1901 919 Pip-

479 939 596 1002 pino
627 937 716 985 sibi
748 937 1021 992 dimissum,
1061 934 1244 999 egregie
1277 934 1644 981 amministravit
1677 935 1773 998 (4);
1816 935 1899 998 qui

481 1017 638 1064 honor
660 1033 761 1063 non
792 1015 892 1062 aliis
918 1033 942 1060 a
963 1012 1145 1078 populo
1168 1012 1269 1059 dari
1294 1022 1632 1068 consueverat,
1660 1029 1806 1076 quam
1829 1010 1900 1056 his

481 1094 563 1157 qui
596 1103 642 1139 et
674 1092 887 1138 claritate
917 1090 1102 1155 generis
1125 1099 1172 1135 et
1202 1105 1351 1153 opum
1375 1087 1688 1152 amplitudine
1719 1087 1900 1135 caeteris

483 1169 775 1217 eminebant.

545 1249 685 1295 Hunc
715 1265 823 1293 cum
847 1246 1076 1310 Pippinus
1094 1281 1107 1301 ‚
1135 1253 1270 1309 pater
1292 1244 1458 1292 Karoli
1482 1245 1628 1309 regis,
1661 1244 1721 1291 ab
1743 1261 1832 1292 avo
1856 1255 1901 1292 et

480 1335 614 1389 patre
636 1323 724 1370 sibi
751 1334 799 1370 et
825 1323 962 1369 fratri
994 1322 1323 1369 Karlomanno
1349 1321 1420 1385 (5)
1443 1321 1690 1379 relictum,
1718 1339 1901 1368 summa

482 1419 590 1448 cum
620 1419 676 1449 eo
710 1402 965 1449 concordia
997 1400 1226 1457 divisum,
1266 1399 1448 1465 aliquot
1478 1400 1615 1447 annis
1647 1399 1780 1447 velut
1812 1399 1900 1446 sub

479 1496 589 1544 rege
622 1488 887 1526 memorato
918 1478 1172 1534 tenuisset,
1209 1477 1358 1524 frater
1391 1479 1489 1542 ejus
1520 1476 1897 1534 Karlomannus,

482 1557 718 1603 incertum
740 1554 913 1620 quibus
933 1554 1153 1603 decausis
1166 1590 1178 1611 ,
1200 1565 1360 1601 tamen
1383 1554 1572 1601 videtur
1592 1553 1722 1619 quod
1739 1570 1901 1601 amore

481 1634 855 1681 conversationis
875 1633 1260 1697 contemplativae
1276 1650 1546 1693 succensus,
1567 1650 1765 1697 operosa
1782 1642 1902 1679 tem-

480 1713 654 1776 poralis
687 1713 821 1778 regni
851 1712 1280 1759 amministratione
1313 1711 1503 1769 relicta,
1543 1713 1746 1759 Romam
1774 1729 1821 1758 se
1850 1711 1899 1758 in

480 1789 635 1836 otium
676 1789 905 1845 contulit,
940 1787 1102 1853 ibique
1139 1787 1307 1834 habitu
1335 1798 1610 1853 permutato
1640 1786 1901 1835 monachus

480 1866 653 1922 factm,
684 1867 732 1913 in
756 1876 921 1913 monte
945 1866 1139 1913 Soracte
1155 1866 1224 1929 (6)
1255 1865 1380 1930 apud
1402 1866 1644 1913 ecclesiam
1661 1865 1785 1912 beati
1809 1865 1902 1911 Sil-

481 1943 625 1989 vestri
651 1951 929 1990 constructo
945 1942 1262 1999 monasterio,
1285 1959 1394 1988 cum
1415 1941 1644 1988 fratribus
1668 1959 1828 1989 secum
1844 1941 1902 1987 ad

482 2018 573 2066 hoc
601 2018 902 2066 venientibus
925 2036 1010 2084 per
1032 2019 1215 2084 aliquot
1240 2035 1390 2065 annos
1421 2028 1582 2082 optata
1605 2018 1766 2083 quiete
1787 2036 1901 2082 per-

480 2095 675 2143 fruitur.
703 2096 792 2143 Sed
821 2114 929 2143 cum
959 2114 1016 2144 ex
1044 2097 1239 2143 Francia
1268 2096 1408 2142 multi
1441 2095 1679 2144 nobilium
1704 2094 1769 2143 ob
1790 2105 1900 2142 vota

527 2325 577 2369 (1)
604 2324 811 2359 Nuenarius
836 2337 974 2369 comcs,
997 2339 1080 2361 cum
1097 2326 1208 2360 duob.
1231 2325 1354 2368 codd.,
1377 2325 1597 2360 hereditario
1614 2326 1709 2371 jure.

528 2385 578 2430 (¹2)
603 2385 645 2419 C.
668 2385 863 2420 Christinae
882 2385 975 2432 Reg.
995 2385 1062 2435 657
1084 2402 1090 2420 :
1113 2387 1315 2427 Pictavim;
1331 2385 1424 2421 Cod.
1439 2385 1532 2432 Reg.
1548 2385 1662 2419 Paris.
1681 2382 1773 2432 5945
1790 2400 1797 2418 :
1818 2385 1900 2420 Pic-

491 2450 636 2485 tamam,-
657 2445 755 2480 idem
774 2446 912 2482 habent
930 2445 1037 2481 codd.
1057 2446 1149 2493 Reg.
1169 2447 1251 2481 Par.
1271 2444 1363 2494 5927
1381 2453 1418 2481 et
1434 2443 1539 2487 5554.

530 2502 579 2548 (5)
605 2505 688 2539 Non
716 2505 807 2541 nulli
837 2506 943 2542 codd.
972 2506 1157 2553 Byrram;
1188 2505 1308 2541 Codd.
1336 2504 1539 2540 Florentin.
1569 2510 1606 2538 et
1633 2503 1749 2538 Paris.
1776 2501 1867 2552 5925
1890 2520 1895 2538 :

488 2555 671 2610 nyrarm
693 2565 734 2600 C.
757 2566 894 2601 Christ.
915 2566 1048 2614 Regin.
1069 2566 1137 2614 692
1160 2582 1166 2599 :
1191 2566 1346 2600 Buram.

531 2621 580 2666 (4)
606 2622 815 2658 Recentior.
836 2624 942 2659 codd.
965 2625 1250 2668 administravit,
1272 2630 1308 2658 et
1330 2634 1437 2669 supra
1451 2649 1460 2665 ‚
1482 2619 1849 2657 administrationem.

535 2681 584 2724 (5)
610 2681 680 2716 All.
707 2683 977 2727 Kal·lenmlm.0‚
998 2685 1297 2725 Karolomanno,
1324 2682 1583 2716 Carlomanno.

533 2739 582 2784 ((ἱ)
609 2740 676 2774 All.
703 2741 874 2778 Sammo.
899 2742 1044 2784 Sarute,
1067 2744 1225 2788 Serapti,
1251 2743 1427 2788 Symple,
1451 2741 1615 2786 Syrapli.
