1924 3183
426 200 501 235 22³2
1006 191 1260 230 KAROLUS.

422 282 584 329 fratris
607 284 702 345 ejus
725 281 773 326 in
799 297 999 344 regnum
1024 279 1269 335 successit,
1298 295 1349 324 ac
1380 295 1540 342 pacem
1563 295 1671 325 cum
1696 281 1839 345 impc=

426 371 584 407 ratore
608 358 739 405 fecit.

1010 573 1255 620 DCCCXI.

489 682 722 730 Absoluto
737 692 878 746 atque
893 681 1086 727 dimisso
1100 679 1283 727 Arsafio
1296 679 1534 744 spathario
1556 709 1615 717 —-
1637 680 1727 728 hoc
1745 692 1845 728 erat

426 778 602 808 nomen
640 760 796 823 legato
832 757 1034 804 Nicifori
1068 758 1369 821 imperatoris
1392 755 1455 794 -’-
1478 757 1684 821 ejusdem
1720 762 1845 822 pacis

428 836 770 886 confirmandae
793 836 941 900 gratia
967 835 1107 900 legati
1130 834 1600 900 Constantinopolim
1620 835 1678 882 ab
1698 836 1847 900 impe-

427 926 586 962 ratore
610 915 678 977 (1)
710 912 991 969 mittuntur,
1023 911 1175 958 Haido
1204 912 1275 975 (2)
1311 912 1557 976 episcopus
1589 912 1843 968 Baslensis,

427 1004 474 1039 et
497 994 660 1056 Hugus
691 991 759 1054 (3)
794 1006 950 1036 comes
976 989 1272 1046 Turonicus,
1307 998 1354 1035 et
1384 989 1480 1036 Aio
1511 988 1848 1054 Langobardus

427 1071 484 1116 de
506 1067 737 1131 Forojulii
753 1103 765 1123 ,
793 1077 840 1113 et
866 1083 975 1112 cum
998 1066 1063 1112 eis
1095 1067 1192 1112 Leo
1216 1064 1410 1130 quidam
1434 1066 1696 1129 spatharius
1712 1102 1727 1124 ,
1759 1083 1849 1112 na-

429 1147 562 1193 tione
581 1144 783 1203 Siculus,
803 1153 848 1188 et
866 1141 1118 1199 Willerus,
1138 1141 1235 1187 dux
1252 1141 1621 1200 Veneticorum3
1642 1160 1850 1209 quorum

429 1223 549 1269 alter
571 1231 682 1267 ante
706 1236 858 1266 annos
882 1218 1045 1265 decem
1066 1219 1231 1265 Romae
1255 1218 1313 1264 ad
1343 1219 1679 1284 imperatorem
1695 1255 1707 1274 ,
1738 1234 1851 1266 ‘cum

430 1299 496 1345 ibi
522 1307 663 1354 esset,
687 1296 743 1343 de
764 1296 918 1342 Sicilia
938 1295 1179 1360 profugit,
1201 1305 1249 1342 et
1266 1295 1422 1342 redire
1439 1296 1628 1354 volens,
1651 1297 1853 1360 patriam

430 1375 694 1423 remittitur
709 1393 721 1430 ;
749 1373 869 1419 alter
892 1382 1093 1437 propter
1118 1371 1366 1436 perfidiam
1392 1372 1577 1421 honore
1599 1373 1849 1438 spoliatus,

429 1450 901 1514 Constantinopolim
933 1450 990 1496 ad
1028 1449 1279 1497 dominum
1316 1469 1454 1497 suum
1491 1451 1599 1497 duci
1635 1451 1848 1514 jubetur.

431 1529 661 1577 Condicta
683 1529 810 1575 iuter
830 1528 1167 1590 imperatorem
1183 1537 1229 1574 et
1248 1529 1588 1593 Hemmingum
1607 1528 1854 1575 Danorum

433 1625 592 1673 regem
611 1624 702 1670 pax
722 1615 924 1669 propter
948 1604 1115 1651 hiemis
1133 1605 1430 1669 asperitatem
1447 1642 1460 1663 ,
1478 1624 1585 1670 quae
1607 1607 1732 1652 inter
1749 1623 1853 1669 par-

438 1698 502 1733 tes
520 1683 815 1732 commeandi
831 1684 954 1729 viam
976 1682 1244 1740 claudebat,
1269 1684 1316 1729 in
1337 1684 1480 1731 armis
1501 1694 1687 1730 tantum
1698 1685 1853 1747 jurata

434 1766 664 1818 servatur,
682 1761 834 1808 donec
852 1761 1081 1808 redeunte
1102 1763 1219 1808 veris
1241 1761 1467 1825 temperie
1481 1798 1496 1820 ,
1513 1773 1560 1809 et
1575 1762 1747 1825 apertis
1765 1762 1852 1807 viis

434 1859 541 1907 quae
567 1838 864 1885 immanitate
888 1837 1080 1903 frigoris
1106 1839 1272 1885 clausae
1293 1838 1490 1885 fuerunt
1503 1874 1516 1895 ,
1539 1839 1855 1902 congredien-

437 1919 564 1963 tibus
592 1934 649 1963 ex
673 1925 874 1979 utraque
900 1925 1033 1978 parte
1059 1915 1308 1979 utriusque
1339 1915 1492 1979 gentis
1508 1951 1521 1973 ,
1560 1916 1856 1962 Francorum

438 1994 616 2040 scilicet
663 2003 710 2038 et
759 1992 1006 2038 Danorum
1024 2027 1038 2048 ‚
1087 1991 1337 2038 duodecim
1378 1991 1671 2055 primoribus
1716 2008 1856 2055 super

438 2072 639 2117 fluvium
658 2068 952 2132 AEgidolam,
976 2069 1025 2114 in
1043 2069 1150 2116 Ioco
1175 2069 1257 2133 qui
1277 2080 1476 2115 vocatur
1500 2070 1573 2133 (4)
1592 2070 1711 2126 ***‚
1739 2069 1855 2115 datis

490 2284 539 2329 (i)
565 2282 620 2315 Ita
642 2280 771 2326 legunt
788 2277 895 2312 codd.
916 2278 1140 2322 Hannover„
1163 2279 1403 2315 Vindobona.
1429 2291 1492 2314 110
1509 2286 1547 2314 et
1562 2291 1651 2327 990,
1672 2286 1709 2314 et
1726 2280 1854 2326 fragm.

444 2342 619 2386 Ainbcrg.
633 2340 689 2373 Ita
702 2345 738 2372 et
753 2338 918 2372 pertzius
936 2350 1019 2371 eum
1033 2338 1183 2373 Freher.
1198 2347 1234 2374 et
1250 2340 1293 2374 D.
1315 2341 1429 2387 Bouq.
1446 2360 1489 2366 -—
1507 2339 1624 2374 Codd.
1643 2339 1854 2376 vindobon.

444 2402 532 2445 654,
554 2401 645 2447 Reg.
664 2399 748 2433 Par.
767 2397 877 2444 5924,
897 2398 1038 2432 Trevir.
1059 2405 1095 2433 et
1113 2399 1231 2433 Nuen.
1254 2412 1346 2434 com.
1367 2400 1421 2434 ad
1433 2402 1699 2446 imperatorem.

492 2464 541 2508 (2)
567 2460 625 2496 Al.
644 2458 771 2493 Hallo.
783 2478 828 2485 —-
844 2458 1050 2493 Basilensis
1062 2486 1070 2501 ,
1090 2459 1304 2503 Basscnsis,
1325 2459 1555 2494 Basz'lc'ensis.

494 2521 542 2566 (5)
568 2520 639 2555 All.
662 2519 764 2564 Ηυξ,
785 2518 906 2564 Hugo.

494 2583 546 2623 (4)
573 2577 724 2613 Freher.
744 2589 828 2610 cum
852 2576 931 2610 cod.
954 2576 1045 2623 Reg.
1068 2578 1150 2612 Par.
1169 2577 1260 2625 5924
1282 2594 1287 2612 ς
1311 2581 1347 2612 in
1365 2579 1388 2612 l.
1409 2591 1444 2624 q.
1469 2576 1735 2612 vocatur-datis
1747 2578 1857 2610 vicis-

455 2644 529 2673 sim.
550 2640 592 2672 111
610 2638 737 2685 quinq.
759 2636 866 2670 codd.
883 2637 1018 2681 legitur
1035 2637 1142 2681 (latis,
1161 2637 1255 2672 nulia
1272 2637 1396 2672 lacuna
1414 2637 1550 2673 relicta.
1564 2638 1724 2673 Nilenar.
1739 2648 1858 2670 conio<

451 2699 585 2733 omittit
608 2700 642 2730 in
662 2697 737 2730 loco
753 2698 817 2740 qui
835 2703 997 2730 vacatur.
