2043 3193
458 161 508 199 3ss
789 159 911 196 VITA
944 159 1139 198 KAROLI
1171 157 1532 197 IMPERATORIS.

458 245 845 310 consumptisque
864 246 934 309 (ι)
962 245 1026 292 ibi
1054 247 1100 292 in
1127 255 1402 292 sanctorum
1419 235 1724 295 veneratione
1746 247 1876 295 loco--

458 340 566 368 rum
591 322 774 386 aliquot
795 321 988 380 diebus,
1019 323 1065 368 in
1092 321 1294 368 Galliam
1318 322 1593 369 revertitur.

524 477 612 523 XI.
651 478 950 541 Bajoaricum
982 478 1053 541 (2)
1085 477 1254 524 deinde
1284 476 1464 524 bellum
1493 488 1539 524 et
1571 489 1766 542 repente
1797 497 1879 529 or-

462 566 591 610 tum,
631 565 678 600 et
719 554 857 601 celeri
896 554 991 601 fine
1025 555 1318 618 completum
1355 566 1440 603 est.
1483 555 1622 616 Quod
1661 556 1880 621 superbia

461 633 601 678 simul
626 650 678 678 ac
703 632 918 680 socordia
939 633 1196 680 Tassilonis
1218 634 1350 680 ducis
1376 635 1622 691 excitavit3
1652 635 1735 700 qui
1763 634 1882 682 hor-

463 723 563 757 tatu
597 712 790 768 uxoris,
829 728 936 775 quae
976 710 1070 757 filia
1102 711 1330 759 Desiderii
1363 713 1485 776 regis
1516 723 1616 759 erat
1651 730 1704 758 ac
1736 713 1883 776 patris

463 790 658 836 exilium
695 807 781 853 per
815 789 1042 834 maritum
1079 789 1241 836 ulcisci
1281 807 1415 853 posse
1450 789 1678 854 putabat,
1712 792 1884 854 juncto

460 867 643 914 foedere
668 884 777 913 cum
802 866 980 923 Hunis,
1008 867 1089 930 qui
1108 867 1333 930 Baj0ariis
1353 877 1464 914 sunt
1487 866 1545 913 ab
1564 868 1750 915 oriente
1768 885 1887 914 con-

463 946 688 1002 termini,
729 961 827 991 non
857 944 1011 990 solum
1046 944 1274 1008 imperata
1303 964 1403 993 non
1430 946 1610 1003 facere,
1651 945 1729 992 sed
1760 944 1887 992 bello

462 1039 621 1086 regem
640 1038 901 1085 provocare
922 1020 1200 1084 temptabat.
1223 1021 1367 1086 Cujus
1387 1022 1755 1078 contumaciam,
1778 1021 1888 1086 quia

463 1100 609 1145 nimia
632 1097 899 1155 videbatur,
927 1099 1201 1146 animositas
1218 1101 1340 1164 regis
1357 1099 1484 1148 ferre
1507 1101 1812 1166 nequiverat,
1838 1116 1891 1144 ac

464 1176 693 1240 proinde,
725 1177 873 1241 copiis
908 1176 1116 1242 undique
1142 1178 1400 1224 contractis
1426 1179 1687 1242 Bajoariam
1710 1178 1893 1243 petitu—

466 1274 570 1312 rus,
600 1257 695 1319 ipse
714 1255 772 1301 ad
793 1255 1003 1302 Lechum
1024 1256 1090 1318 (3)
1121 1274 1311 1304 amnem
1339 1274 1449 1303 cum
1471 1275 1644 1323 magno
1668 1258 1741 1321 (4)
1763 1257 1893 1304 venit

467 1333 693 1379 exercitu.
733 1334 774 1377 Is
806 1332 979 1378 fluvius
1012 1333 1252 1397 BaJOarios
1277 1332 1334 1380 ab
1361 1333 1636 1380 Alamannis
1664 1333 1738 1398 (5)
1765 1333 1894 1379 divi-

468 1411 555 1456 dit.
585 1411 728 1474 Cujus
755 1411 805 1456 in
832 1410 932 1474 ripa
961 1412 1123 1457 castris
1151 1411 1439 1469 conlocatis,
1477 1404 1754 1478 priusquam
1776 1429 1896 1476 pro-

467 1487 675 1532 vinciam
716 1488 950 1543 intraret,
989 1489 1203 1534 animum
1235 1487 1369 1534 ducis
1399 1507 1482 1553 per
1524 1488 1699 1554 legatos
1732 1488 1898 1534 statuit

471 1565 693 1628 experiri.
730 1565 820 1612 Sed
856 1583 944 1612 nec
977 1566 1055 1612 ille
1089 1567 1399 1630 pertinaciter
1432 1585 1568 1632 agere
1598 1567 1672 1614 vel
1709 1566 1799 1612 sibi
1824 1566 1898 1612 vel

470 1643 601 1707 genti
628 1643 744 1689 utile
759 1654 889 1689 ratus
905 1679 916 1699 ,
946 1643 1142 1708 supplex
1163 1661 1209 1690 se
1233 1644 1331 1708 regi
1356 1644 1573 1708 permisit
1597 1645 1686 1707 (6),
1715 1642 1900 1691 obsides

474 1721 555 1784 qui
595 1719 954 1784 imperabantur
983 1720 1140 1778 dedit,
1174 1721 1300 1767 inter
1340 1739 1460 1786 quos
1496 1732 1542 1767 et
1573 1721 1726 1767 filium
1762 1739 1901 1766 suum

479 1796 791 1844 Theodonem
813 1816 824 1853 3
852 1797 956 1843 data
981 1799 1173 1862 insuper
1197 1797 1288 1845 fide
1314 1816 1421 1845 cum
1440 1801 1742 1862 juramento,
1770 1798 1901 1863 quod

478 1873 537 1919 ab
591 1874 716 1920 illius
757 1885 989 1937 potestate
1039 1876 1155 1922 nulli
1207 1876 1526 1923 defectionem
1569 1877 1643 1940 (7)
1689 1876 1902 1923 suadenti

531 2085 582 2129 (1)
607 2084 783 2119 Nonnulli
804 2084 911 2119 codd.
933 2088 1278 2133 consummalisque.

535 2145 585 2189 (2)
610 2144 680 2179 All.
708 2145 935 2189 Baz'ot‘iczmz,
958 2146 1234 2189 Bawoam‘cum,
1258 2146 1503 2181 Boioaricum.

533 2203 586 2249 (5)
611 2203 702 2238 Cod.
723 2204 902 2239 Christin.
925 2204 1057 2250 Regin.
1079 2204 1146 2252 692
1166 2222 1171 2239 :
1195 2206 1397 2241 Leclmmn.
1414 2225 1458 2231 -—
1472 2204 1564 2241 Cod.
1582 2203 1797 2242 Vindobon.
1818 2218 1829 2239 1
1842 2218 1881 2238 10
1898 2220 1904 2237 ε

493 2263 718 2309 Leguclzum.

539 2322 588 2367 (4)
614 2322 760 2368 Septem
780 2320 885 2354 codd.
908 2324 1069 2355 mamma
1086 2339 1091 2357 ,·
1112 2322 1161 2355 sic
1179 2335 1234 2369 ap⁴
1254 2323 1298 2357 D.
1320 2323 1499 2370 Bouquet.

541 2381 590 2426 (5)
615 2381 673 2416 Al.
698 2381 929 2415 Alemannis.

544 2441 592 2487 (6)
619 2441 779 2475 Nuenar.
801 2452 922 2474 comes
945 2456 949 2473 z
974 2440 1139 2487 subjecit.

550 2504 598 2550 (7)
624 2502 682 2536 Sic
697 2499 775 2534 cod.
793 2498 886 2545 Reg.
906 2499 1021 2532 Paris.
1042 2498 1146 2540 6264.
1164 2520 1206 2524 -—-
1221 2499 1383 2533 Nuenar.
1405 2508 1525 2532 comes
1540 2503 1577 2530 et
1596 2493 1808 2542 Marquard.
1828 2493 1915 2527 Fre—

503 2567 615 2599 herus
638 2578 643 2594 z
667 2561 712 2594 ala
737 2560 837 2592 illius
857 2565 1036 2603 poteslale
1055 2560 1192 2592 nemini
1207 2558 1448 2604 desectionem
1467 2555 1650 2590 suadenti.
1671 2574 1718 2580 —-
1735 2552 1916 2587 Chesnius

506 2631 543 2658 ct
564 2622 604 2655 1).
625 2620 790 2663 Bouquet
811 2632 815 2648 z
838 2617 885 2649 ab
904 2617 1002 2650 illius
1018 2623 1197 2662 Jmlcslalc
1216 2630 1259 2650 ac
1278 2616 1490 2662 dqfhnm'aemc
1514 2615 1652 2647 nemini
1674 2610 1917 2657 defectionem

506 2682 678 2721 ,uadenti
694 2676 867 2721 (arbitrio
889 2683 986 2710 certe
1010 2688 1092 2719 suo,
1116 2677 1169 2710 uti
1196 2676 1285 2710 dicit
1310 2675 1492 2717 pertzius,
1514 2686 1556 2708 ex
1574 2673 1728 2708 diversis
1748 2670 1918 2706 codicum
