2043 3193
538 157 587 192 70
874 151 997 189 VITA
1026 150 1218 190 KAROLI
1250 148 1612 187 IMPERATORIS.

535 255 689 302 neque
725 237 847 284 ullus
875 256 931 285 ex
961 239 1024 286 eis
1051 247 1118 284 est
1145 235 1445 292 interfectus,
1479 235 1568 281 nisi
1601 244 1694 282 tres
1730 244 1915 281 tantum
1934 271 1946 291 ,

535 316 617 380 qui
635 351 648 372 ,
675 333 784 361 cum
809 333 881 371 se,
921 334 981 363 ne
1013 313 1547 379 comprehenderentur,
1587 313 1762 360 strictis
1787 313 1952 377 gladiis

534 390 874 448 defenderent,
919 392 1101 456 aliquos
1141 392 1282 439 etiam
1313 390 1622 446 occidissent,
1669 390 1776 454 quia
1816 389 1952 436 aliter

537 469 743 516 coerceri
780 485 880 515 non
914 478 1165 532 poterant,
1204 466 1478 530 interempti
1509 476 1638 512 sunt.
1672 466 1852 512 Harum
1880 475 1953 511 ta-

537 563 645 593 men
671 546 1058 609 conjurationum
1078 544 1311 591 Fastradae
1333 544 1511 608 reginae
1535 542 1784 590 crudelitas
1819 560 1952 589 causa

539 633 586 672 et
604 624 739 689 origo
763 624 969 671 extitisse
1002 623 1228 681 creditur,
1251 634 1298 670 et
1318 622 1494 669 idcirco
1519 622 1568 668 in
1593 620 1817 667 ambabus
1837 638 1955 667 con-

540 712 611 748 tra
643 719 801 767 regem
836 701 1162 766 conspiratum
1200 711 1296 759 est,
1333 700 1442 764 quia
1480 699 1643 747 uxoris
1689 698 1954 745 crudelitati

539 780 839 826 consentiens
854 815 868 838 ,
892 797 916 825 a
949 797 1044 826 suae
1076 789 1261 825 naturae
1286 777 1578 842 benignitate
1596 795 1647 823 ac
1666 777 1802 824 solita
1820 793 1956 822 man-

540 855 787 903 suetudine
830 856 1101 902 immaniter
1153 854 1440 902 exorbitasse
1490 854 1756 901 videbatur.
1802 853 1957 900 Caete-

539 950 648 978 rum
671 950 755 996 per
773 950 915 979 omne
940 933 1049 979 vitae
1081 950 1177 979 suae
1205 942 1386 996 tempus
1415 933 1476 978 ita
1506 949 1614 978 cum
1639 948 1825 978 summo
1848 947 1957 977 om-

540 1011 676 1056 nium
695 1027 855 1057 amore
876 1019 1017 1074 atque
1034 1009 1196 1056 favore
1220 1019 1266 1056 et
1284 1009 1412 1055 domi
1435 1019 1482 1056 et
1505 1008 1624 1056 foris
1655 1018 1958 1054 conversatus

542 1097 632 1143 est,
673 1099 725 1133 ut
762 1104 1008 1152 nunquam
1036 1088 1074 1134 ei
1109 1087 1181 1134 vel
1214 1087 1410 1134 minima
1447 1087 1634 1151 injustae
1670 1085 1958 1133 crudelitatis

541 1175 652 1212 nota
679 1183 699 1210 a
720 1182 963 1230 quoquam
986 1164 1150 1212 fuisset
1173 1163 1353 1228 objecta
1373 1166 1461 1228 (ι).

623 2202 760 2247 XXI.
800 2200 1006 2247 Amabat
1029 2203 1331 2266 pereg1¹i1105‚
1353 2212 1399 2248 et
1425 2202 1472 2247 in
1491 2201 1554 2248 eis
1578 2199 1884 2264 suscipiendis
1903 2199 1972 2262 (2)

555 2297 771 2344 magnam
789 2277 991 2325 habebat
1011 2297 1190 2338 curam,
1208 2279 1323 2326 adeo
1344 2290 1396 2325 ut
1416 2279 1696 2343 plerumque
1714 2278 1786 2341 (ὅ)
1807 2293 1974 2324 eorum

603 2444 654 2487 (1)
679 2442 750 2476 Hie
768 2440 889 2475 adhue
906 2440 1133 2475 Pertzianam
1153 2440 1368 2475 divisionem
1386 2439 1625 2479 retinuimus;
1649 2436 1835 2483 sequentia
1860 2436 1974 2470 clete-2

561 2515 696 2536 mmm.
718 2501 876 2548 objecta,
898 2500 994 2547 apud
1009 2501 1052 2535 D.
1076 2501 1189 2548 Bouq.
1209 2507 1244 2534 ct
1263 2499 1350 2534 alios
1369 2499 1476 2546 capiti
1496 2510 1548 2531 xxi
1567 2496 1803 2542 adjiciuntur.

606 2562 655 2605 (2)
681 2560 841 2594 Nuenar.
859 2572 979 2594 comes
1001 2576 1006 2593 t
1031 2567 1064 2594 e!
1085 2573 1207 2594 eorum
1229 2558 1559 2605 suscipietalorum.

606 2617 655 2663 (5)
684 2618 903 2665 Plerumque
916 2618 1053 2652 habent
1072 2619 1178 2653 codd.
1195 2617 1408 2653 Vindobon.
1427 2615 1493 2663 667
1508 2622 1543 2650 ct
1560 2614 1727 2649 vatican.
1745 2611 1857 2660 53593
1877 2612 1977 2646 deest

564 2680 598 2712 in
618 2678 767 2725 reliquis
787 2685 822 2712 et
842 2691 858 2711 a
878 2678 922 2712 D.
940 2678 1054 2726 Bouq.
1077 2679 1274 2713 omittitur.
