1924 3183
425 126 496 161 178
1004 123 1250 162 KAROLUS.

420 209 613 257 Orheim
641 211 713 273 (ι)
743 210 1037 274 appellatur,
1080 210 1217 256 solita
1256 210 1558 256 simulatione
1603 210 1832 275 baptizata

420 298 505 334 est.
533 287 779 334 Profectus
803 287 911 334 inde
942 286 998 333 ad
1018 286 1229 344 Albiam,
1257 288 1514 352 castrisque
1537 288 1585 334 in
1612 306 1668 336 eo
1695 289 1830 348 loco,

421 364 502 410 ubi
536 365 627 412 Ora
671 365 743 430 (2)
778 375 824 413 et
851 364 989 411 Albia
1024 364 1304 424 confluunt,
1336 365 1392 412 ad
1418 365 1628 413 habenda
1662 368 1832 415 stativa

423 442 663 490 collocatis
685 480 698 500 ‚
736 453 833 490 tam
856 443 912 490 ad
936 461 1008 490 res
1040 443 1279 489 Saxonum
1310 442 1391 507 qui
1426 442 1697 490 citeriorem
1727 445 1797 508 (3)
1819 481 1832 502 ‚

421 538 564 585 quam
587 531 634 567 et
656 521 932 568 Sclavorum
950 521 1030 585 qui
1054 519 1333 566 ulteriorem
1358 518 1569 566 fluminis
1590 521 1743 585 ripam
1770 521 1841 567 in-

423 598 613 655 colunt,
645 599 995 663 componendas
1020 615 1213 662 operam
1240 598 1485 661 impendit.
1515 598 1698 658 Quibus
1725 609 1840 645 tunc

421 693 512 739 pro
538 686 753 740 tempore
789 675 1020 722 ordinatis
1042 685 1183 739 atque
1207 674 1444 738 dispositis
1462 710 1475 730 ‚
1514 675 1562 721 in
1593 675 1842 721 Franciam

423 768 635 798 reversus
668 762 759 807 est3
792 751 1008 816 initoque
1041 751 1271 810 consilio,
1310 745 1478 797 orandi
1516 768 1569 797 ac
1594 762 1703 798 vota
1744 751 1843 798 sol-

425 829 563 875 vendi
589 846 722 876 causa
745 830 949 876 Romam
972 829 1138 874 statuit
1161 828 1428 892 proficisci,
1450 830 1746 894 sumptisque
1769 846 1845 877 se-

425 925 534 953 cum
554 924 702 954 uxore
734 924 787 953 ac
813 905 998 963 liberis,
1027 908 1128 953 sine
1161 923 1293 953 mora
1322 907 1370 953 in
1396 906 1578 953 Italiam
1603 905 1845 971 profectus

424 996 522 1041 est,
553 985 902 1050 celebravitque
926 985 1128 1032 natalem
1165 985 1359 1032 Domini
1388 985 1579 1041 Ticeni,
1616 995 1756 1050 atque
1781 984 1845 1032 ibi

426 1064 665 1130 residuum
692 1064 857 1110 hiemis
878 1063 1116 1110 manendo
1141 1063 1415 1127 complevit.

968 1357 1081 1403 DCC
1089 1357 1300 1403 LXXXI
1310 1393 1320 1402 .

499 1466 612 1513 Inde
639 1467 840 1512 Romam
865 1465 1059 1512 veniens
1075 1501 1086 1520 ‚
1121 1464 1387 1511 honorifice
1410 1464 1469 1509 ab
1497 1464 1711 1511 Adriano
1736 1482 1851 1529 papa

434 1554 674 1608 susceptus
705 1554 791 1590 est.
826 1543 884 1589 Et
906 1560 1015 1589 cum
1041 1541 1104 1588 ibi
1126 1553 1340 1589 sanctum
1366 1541 1536 1588 Pascha
1565 1541 1850 1600 celebraret,

434 1622 688 1687 baptizavit
706 1621 829 1668 idem
850 1620 1069 1685 pontifex
1088 1620 1241 1667 filium
1267 1622 1363 1684 ejus
1388 1621 1664 1684 Pippinum,
1692 1621 1853 1667 unxit-

436 1717 529 1765 que
557 1717 666 1745 eum
697 1700 745 1745 in
776 1717 954 1763 regem.
980 1699 1133 1745 Unxit
1164 1699 1305 1745 etiam
1330 1709 1376 1745 et
1397 1698 1734 1746 Hludowicum
1757 1698 1856 1744 fra-—

438 1787 559 1824 trem
581 1780 703 1840 ejus,
731 1776 906 1842 quibus
927 1787 972 1823 et
998 1793 1224 1824 coronam
1249 1777 1495 1840 imposuit.
1521 1777 1740 1837 Quorum
1758 1794 1856 1822 ma-

431 1858 534 1918 jor,
565 1854 611 1899 id
636 1865 704 1900 est
728 1854 984 1917 Pippinus,
1012 1854 1061 1899 in
1082 1852 1432 1918 Langobardia,
1461 1853 1624 1900 minor
1647 1870 1786 1909 vero,
1811 1853 1857 1898 id

439 1943 507 1978 est
527 1931 850 1988 Hludowicus‚
877 1932 926 1977 in
940 1931 1195 1995 Aquitania
1217 1948 1299 1977 rex
1318 1931 1607 1978 constitutus
1625 1941 1710 1977 est.
1734 1932 1860 1996 Rege

442 2026 556 2056 vero
575 2009 725 2054 Roma
743 2008 950 2072 digresso
969 2025 1021 2053 ac
1043 2006 1371 2054 Mediolanum
1390 2007 1628 2065 veniente,
1653 2007 1859 2054 Thomas

446 2086 652 2150 ejusdem
678 2084 811 2131 urbis
838 2084 1217 2149 archiepiscopus
1243 2086 1314 2148 (4)
1338 2084 1595 2149 baptizavit
1622 2084 1688 2130 ibi
1715 2084 1861 2131 filiam

447 2169 544 2229 ejus
561 2202 573 2222 ‚
597 2164 794 2212 nomine
813 2163 1007 2220 Gislam‚
1037 2173 1083 2209 et
1107 2163 1163 2210 de
1184 2179 1315 2209 sacro
1338 2162 1474 2210 fonte
1489 2162 1708 2226 suscepit.
1738 2161 1861 2222 Qui-

448 2243 537 2288 bus
567 2242 706 2307 gestis
721 2278 733 2298 ‚
758 2242 807 2288 in
833 2241 1079 2288 Franciam
1107 2258 1319 2288 reversus
1338 2251 1423 2288 est.
1452 2240 1542 2288 Sed
1566 2258 1674 2287 cum
1698 2241 1861 2287 Romae

501 2462 549 2505 (ι)
575 2459 631 2495 Al.
652 2457 837 2493 Horlzeim.

500 2522 549 2565 (2)
575 2518 635 2553 Al.
652 2516 765 2552 Hora.

504 2579 552 2624 (ὅ)
578 2579 738 2613 Nuenar.
760 2588 852 2610 com.
867 2583 904 2610 et
920 2577 961 2610 D.
979 2575 1094 2622 Bouq.
1117 2578 1344 2611 exteriorem.

505 2642 554 2681 μή)
583 2638 741 2671 Nuenar.
763 2648 881 2669 comes
901 2652 905 2668 τ
930 2638 1128 2681 episcopus.
