1924 3183
362 151 441 188 326
888 144 1264 184 HLUDOWICUS.

361 247 417 282 ut
436 235 668 283 exercitus
689 234 737 279 in
762 233 1016 280 saxoniam
1036 231 1403 279 transalbianam
1421 232 1491 294 (i)
1517 232 1787 279 mitteretur

362 313 651 378 impetravit.
685 310 807 358 Nam
836 321 884 358 et
923 311 1078 357 classis
1120 327 1286 358 eorum
1324 327 1409 373 per
1435 308 1601 355 Albim
1640 327 1788 375 usque

363 392 419 437 ad
453 388 688 437 Esesfelth
717 388 962 436 castellum
990 388 1147 444 venit,
1181 405 1288 452 quae
1318 397 1469 434 totam
1501 387 1673 434 Sturiae
1695 387 1790 434 ssu-

363 469 506 515 minis
521 468 676 532 ripam
694 467 975 522 devastavit3
995 477 1042 514 et
1056 465 1252 513 Gluomi
1265 501 1278 522 ‚
1299 463 1644 513 Nordmannici
1666 464 1791 510 limi-

362 547 422 592 tis
454 555 635 601 cust05,
665 544 901 609 pedestres
928 544 1084 607 copias
1114 542 1315 599 ducens,
1344 542 1484 588 simul
1512 559 1621 588 cum
1658 540 1791 589 Abo-

361 623 499 671 dritis
545 634 739 671 terreno
778 624 951 670 itinere
993 623 1049 669 ad
1097 623 1250 686 ipsum
1292 620 1537 668 castellum
1578 621 1786 667 accessit.

364 701 550 762 Quibus
569 718 679 747 cum
697 701 850 747 nostri
875 699 1070 747 fortiter
1092 699 1399 755 restitissent,
1419 699 1590 752 omissa
1613 697 1789 744 castelli

364 779 752 844 oppugnatione,
791 776 1123 824 discesserunt.
1162 778 1346 824 Interea
1385 793 1495 822 cum
1531 776 1791 838 imperator

364 857 618 904 venatione
644 865 832 921 peracta
852 854 909 902 de
927 854 1114 919 Vogeso
1133 854 1427 920 Aquasgrani
1451 861 1790 907 reverteretur,

362 936 646 982 nunciatum
671 943 739 980 est
760 934 800 979 ei
827 931 1181 988 Bernhardum‚
1206 943 1432 996 nepotem
1458 947 1620 986 suum,
1645 927 1793 975 Italiae

362 1031 549 1078 regem,
578 1010 899 1077 quorumdam
924 1028 1184 1074 pravorum
1213 1011 1465 1057 hominum
1495 1008 1696 1056 consilio
1715 1019 1793 1073 ty-

363 1090 614 1138 rannidem
646 1089 953 1144 meditatum,
985 1090 1080 1151 jam
1111 1078 1279 1136 omnes
1302 1087 1483 1143 aditus,
1530 1086 1575 1132 id
1597 1095 1666 1133 est
1695 1085 1794 1131 clu-

367 1187 435 1215 sas
464 1171 558 1232 (2),
585 1167 760 1232 quibus
790 1168 839 1212 in
865 1166 1047 1212 Italiam
1075 1167 1302 1222 intratur,
1333 1166 1563 1230 impositis
1587 1163 1795 1210 firmasse

366 1244 624 1310 praesidiis,
647 1255 788 1310 atque
812 1261 978 1292 omnes
1003 1244 1152 1290 Italiae
1179 1244 1391 1290 civitates
1424 1243 1472 1288 in
1499 1241 1624 1287 illius
1650 1239 1793 1288 verba

361 1326 566 1387 jurasse,
603 1323 733 1388 quod
767 1340 822 1369 ex
855 1332 988 1386 parte
1012 1339 1203 1376 verum,
1234 1340 1289 1368 ex
1314 1331 1450 1385 parte
1473 1319 1645 1366 falsum
1673 1330 1791 1364 erat.

368 1401 446 1448 Ad
483 1405 607 1466 quos
637 1410 796 1448 motus
822 1399 1210 1464 comprimendos
1234 1417 1370 1455 cum,
1409 1416 1464 1445 ex
1506 1407 1605 1444 tota
1644 1395 1794 1442 Gallia

366 1489 508 1543 atque
534 1477 789 1525 Germania
820 1489 1110 1541 congregato
1141 1493 1320 1522 summa
1353 1475 1591 1523 celeritate
1619 1490 1794 1538 magno

368 1555 609 1610 exercitu,
653 1555 913 1617 imperator
953 1552 1136 1598 ltaliam
1177 1553 1357 1599 intrare
1391 1552 1459 1615 (ὅ)
1502 1550 1792 1606 festinasset,

366 1632 670 1681 Bernhardus
702 1631 845 1678 rebus
879 1632 973 1678 suis
1014 1629 1250 1687 diffidens,
1283 1631 1490 1676 maxime
1522 1627 1652 1694 quod
1688 1645 1735 1674 se
1771 1645 1795 1672 a

367 1712 461 1756 suis
502 1709 718 1775 quotidie
755 1709 904 1756 deseri
944 1707 1162 1765 videbat,
1201 1708 1344 1753 armis
1386 1706 1638 1771 depositis,
1672 1703 1795 1768 apud

369 1786 667 1834 cabillonem
697 1786 770 1848 (4)
808 1785 1085 1850 imperatori
1117 1802 1164 1832 se
1197 1784 1390 1831 tradidit
1402 1803 1415 1841 ;
1453 1800 1595 1848 quem
1633 1781 1795 1827 caeteri

367 1865 542 1921 secuti,
570 1882 671 1912 non
697 1864 853 1911 solum
875 1865 1019 1910 armis
1042 1863 1267 1929 depositis
1296 1880 1343 1909 se
1375 1862 1687 1914 dediderunt,
1717 1876 1794 1906 ve-

368 1960 478 1988 rum
508 1942 639 1989 ultro
674 1954 721 1989 et
750 1941 808 1988 ad
839 1943 1044 2006 primam
1077 1942 1505 2005 interrogationem
1537 1938 1698 1986 omnia
1724 1938 1796 1982 uti

369 2031 496 2086 gesta
540 2032 676 2067 erant
717 2031 1026 2083 aperuerunt.
1070 2021 1218 2083 Hujus
1266 2018 1612 2083 conjurationis
1658 2015 1796 2081 prin-

372 2098 496 2161 cipes
530 2096 664 2144 fuere
702 2096 939 2161 Eggideo,
985 2097 1111 2143 inter
1140 2097 1315 2143 amicos
1350 2095 1473 2160 regis
1504 2094 1714 2158 primus,
1749 2102 1796 2139 et

371 2174 699 2239 Reginliardus
726 2175 1008 2221 camerarius
1032 2175 1101 2237 (5)
1128 2177 1251 2237 ejus,
1279 2185 1326 2221 et
1350 2172 1665 2238 Reginharius
1688 2171 1795 2218 Me-

415 2398 467 2435 (1)
493 2391 655 2425 Nuenar.
674 2402 767 2424 com.
790 2396 827 2424 et
842 2390 888 2424 D.
910 2390 1024 2437 Bouq.
1046 2404 1078 2424 e.
1099 2397 1203 2425 trans
1222 2390 1361 2425 Albim.

415 2463 466 2504 (2)
492 2458 611 2494 Codd.
634 2459 793 2501 Trevir.‚
814 2459 1039 2502 Hannover.,
1062 2467 1099 2494 et
1117 2459 1358 2495 Vindobona.
1383 2472 1445 2493 110
1462 2465 1497 2493 et
1515 2470 1582 2505 99⁰
1601 2473 1606 2490 :
1628 2458 1788 2491 clausas.

414 2526 464 2572 (3)
490 2527 534 2561 D.
553 2527 670 2574 Bouq.
688 2526 741 2561 ad
755 2527 906 2562 Italiam
910 2527 1150 2574 festinasset.

417 2597 466 2640 (4)
492 2594 564 2630 All.
588 2595 842 2638 Cavillionem,
870 2596 1106 2630 Cavillonem.

418 2661 466 2702 {53}
495 2662 654 2697 Nuenar.
674 2675 766 2696 com.
789 2670 822 2697 ot
842 2663 885 2697 Π.
905 2664 1017 2709 Rouq.
1038 2663 1294 2697 cubicularias.
