1924 3183
374 171 451 207 252
952 166 1200 205 KAROLUS.

372 265 474 302 erat
489 258 622 300 Persa
642 252 699 299 de
715 252 930 310 Oriente,
953 253 1130 317 legatus
1149 250 1364 315 praedicti
1384 252 1506 315 regis
1519 251 1590 315 (1)
1606 269 1787 298 —nam

374 333 469 380 duo
488 332 680 378 fuerant
696 360 757 367 —
773 331 889 378 alter
909 332 1192 377 Sarracenus
1210 329 1267 376 de
1285 328 1461 387 Africa,
1478 331 1653 393 legatus
1673 331 1791 376 ami-

375 410 463 455 rati
489 408 749 466 Abraham,
780 409 862 474 qui
896 409 943 455 in
978 408 1190 455 confinio
1215 406 1390 453 Africae
1424 407 1473 452 in
1500 407 1693 454 Fossato
1718 406 1790 469 (2)

376 486 684 550 praesidebat,
711 487 792 550 qui
817 487 939 532 Isaac
961 485 1203 542 Judaeum,
1236 501 1380 549 quem
1404 484 1662 548 imperator
1686 493 1794 529 ante

376 564 744 628 quadriennium
777 564 834 610 ad
866 573 1185 611 memoratum
1213 579 1372 627 regem
1406 563 1654 608 Persarum
1686 578 1795 607 cum

377 642 626 689 Lantfrido
656 652 702 690 et
732 642 1035 706 Sigismundo
1061 641 1128 704 (ὅ)
1154 640 1313 705 legatis
1347 639 1439 685 suis
1474 640 1685 695 miserat,
1719 656 1797 685 re-

378 739 566 768 versum
600 739 710 767 cum
748 722 930 785 magnis
962 718 1240 767 muneribus
1274 718 1637 764 nuntiaverunt.
1675 716 1796 762 Nam

379 800 474 844 Lan
484 798 652 844 tfridus
672 816 724 844 ac
745 796 1075 862 Sigismundus
1097 796 1238 843 ambo
1264 796 1312 841 in
1338 795 1504 842 eodem
1530 794 1700 841 itinere
1719 793 1797 840 de-

377 875 532 921 functi
566 887 693 921 sunt.
725 877 851 921 Tum
882 875 959 921 ille
994 875 1124 920 misit
1159 872 1513 920 Ercanbaldum
1550 873 1620 936 (4)
1654 881 1798 918 nota—

379 955 506 997 rium
528 952 574 997 in
602 952 838 1016 Liguriam
860 950 916 997 ad
940 950 1131 997 classem
1153 949 1409 1015 parandam
1425 985 1438 1005 ‚
1461 966 1552 1014 qua
1576 947 1798 1012 elephans

380 1040 426 1075 et
454 1047 504 1075 ea
536 1046 643 1093 quae
677 1046 787 1075 cum
815 1045 870 1076 eo
896 1027 1233 1084 afferebantur,
1271 1026 1664 1074 subveherentur.
1697 1026 1799 1089 Ipse

381 1123 523 1162 vero,
560 1105 797 1153 celebrato
835 1106 909 1152 die
945 1106 1089 1152 natali
1126 1106 1274 1152 sancti
1309 1105 1539 1151 Johannis
1577 1104 1798 1168 Baptistae

378 1183 502 1245 apud
533 1182 846 1246 Eporediam,
876 1182 1017 1246 Alpes
1050 1193 1362 1246 transgressus
1397 1182 1446 1227 in
1484 1181 1685 1228 Galliam
1719 1198 1801 1227 re-

381 1276 540 1305 versus
566 1269 650 1306 est.
678 1260 777 1323 Ipsa
806 1269 965 1306 aestate
993 1269 1125 1323 capta
1149 1269 1217 1305 est
1244 1259 1531 1316 Barcinona‚
1557 1259 1718 1305 civitas
1750 1259 1800 1304 in

381 1336 628 1399 Hispania,
657 1339 755 1400 jam
789 1336 987 1384 biennio
1024 1336 1224 1384 obsessa.
1261 1337 1414 1383 Zatun
1448 1337 1515 1400 (5)
1548 1335 1800 1400 praefectus

381 1416 478 1477 ejus
505 1425 551 1460 et
579 1414 657 1460 alii
689 1415 957 1479 complures
987 1416 1231 1462 Sarraceni
1268 1414 1614 1478 comprehensi.
1653 1414 1717 1460 Et
1749 1414 1797 1460 in

381 1492 512 1537 ltalia
536 1494 678 1540 Teate
703 1494 864 1539 civitas
886 1494 1103 1540 similiter
1126 1504 1257 1557 capta
1282 1505 1328 1540 et
1352 1495 1537 1540 incensa
1563 1503 1656 1550 est,
1683 1495 1799 1557 ejus-

383 1587 474 1633 que
487 1570 739 1634 praefectus
748 1572 994 1619 Roselmus
1008 1572 1375 1636 comprehensus
1387 1573 1472 1633 (6).
1489 1571 1685 1619 Castella
1696 1589 1804 1636 quae

385 1647 440 1692 ad
462 1649 607 1710 ipsam
631 1649 869 1696 civitatem
891 1649 1219 1714 pertinebant,
1244 1652 1291 1696 in
1307 1650 1600 1698 deditionem
1618 1660 1803 1713 accepta

386 1737 512 1771 sunt.
540 1728 693 1773 Zatun
715 1739 760 1774 et
784 1728 1032 1775 Roselmus
1054 1747 1146 1775 una
1166 1728 1240 1776 die
1259 1729 1316 1776 ad
1339 1730 1639 1794 praesentiam
1658 1730 1805 1792 impe-

386 1804 557 1849 ratoris
577 1803 765 1851 deducti
787 1806 882 1869 (7),
908 1817 954 1852 et
971 1806 1114 1852 exilio
1137 1805 1342 1852 damnati
1367 1817 1494 1853 sunt.
1522 1807 1670 1870 Ipsius
1692 1807 1803 1852 anni

434 2028 484 2071 (1)
510 2028 553 2061 D.
575 2028 691 2074 Bouq.
715 2029 860 2074 legatus
880 2031 978 2074 regis
997 2029 1209 2062 Persarum.

435 2085 484 2129 (2)
510 2086 580 2119 Hie
594 2086 757 2121 Pcrtzius
775 2087 812 2120 in
830 2087 925 2121 notis
944 2086 1054 2120 habet
1072 2102 1078 2119 2
1098 2086 1292 2120 Fossatum
1313 2087 1334 2119 i.
1351 2098 1383 2120 e.
1405 2098 1559 2131 regnum
1572 2085 1655 2119 Fez.
1675 2084 1746 2120 Sed
1761 2084 1806 2118 de

389 2144 459 2177 hoc
478 2157 593 2190 regno
605 2173 612 2187 ‚
637 2145 738 2192 quod
752 2145 916 2179 nondum
934 2145 1096 2180 exstabat
1108 2173 1116 2188 ,
1138 2146 1195 2192 agi
1216 2158 1289 2179 non
1310 2152 1448 2191 potest;
1465 2157 1538 2192 quo
1558 2144 1667 2179 modo
1685 2151 1806 2178 autem

389 2216 455 2237 vox
476 2204 670 2239 Fossatum
689 2218 812 2239 vocem
830 2205 1011 2240 arabicam
1037 2204 1268 2252 Casrcadym
1286 2204 1490 2251 significare
1508 2205 1621 2251 possit
1639 2211 1741 2247 nota,
1762 2203 1806 2237 ad

391 2263 525 2298 calcem
545 2264 656 2310 hujus
675 2264 871 2298 voluminis
891 2265 1042 2310 rejecta,
1064 2264 1273 2311 exponitur.

439 2321 488 2368 (5)
513 2323 571 2357 Al.
595 2323 812 2370 Sigimundo
826 2330 863 2358 et
880 2323 974 2358 infra
996 2322 1251 2369 Sigimzmdus.

437 2382 487 2425 (4)
513 2381 584 2415 All.
614 2381 976 2423 Erclzembazcldum,
1016 2381 1329 2421 Erchinboldum,
1365 2378 1691 2421 Erclzcznboldum,
1730 2378 1806 2412 Er-

393 2439 655 2474 clmnbaldum.

439 2498 490 2545 (5)
516 2500 586 2534 All.
607 2501 762 2544 Zalzmz,
785 2501 915 2535 Zalusz

442 2561 490 2606 (6)
517 2561 631 2595 Codd.
650 2561 740 2607 Regv
764 2563 842 2596 Par.
863 2561 953 2609 5924
967 2590 975 2599 ,
992 2562 1157 2595 Hannov⁴
1177 2567 1211 2593 et
1230 2558 1442 2594 Vindobon.
1469 2570 1530 2591 110
1550 2573 1553 2589 :
1577 2555 1808 2602 comprehen-

399 2633 453 2652 sus
476 2627 540 2653 (ms.

439 2690 489 2723 7
518 2679 558 2714 l),
581 2679 693 2725 llouq.
718 2692 799 2713 cuni
821 2680 900 2713 cod.
928 2679 1138 2717 N'imlobou.
1163 2689 1253 2723 990:
1277 2675 1453 2722 perducti.
