1924 3183
372 140 450 178 344
891 141 1268 180 HLUDOWICUS.

369 227 541 274 defecit
573 244 657 275 V111
684 228 904 275 kalendas
928 228 1192 275 decembris
1207 265 1220 287 ,
1248 228 1365 276 hora
1389 232 1545 278 noctis
1569 232 1787 281 secunda.

368 305 652 367 Imperator,
671 317 779 369 post
793 316 1039 370 peractum
1051 307 1269 353 Carisiaci
1285 318 1596 369 conventum,
1613 321 1793 358 autum-

370 383 620 447 nalemque
636 385 938 432 venationem
955 403 1010 432 ex
1024 402 1159 433 more
1176 385 1483 449 completam,
1500 386 1793 453 Aquasgrani

371 478 583 508 reversus
608 472 693 508 est‚

937 833 1238 881 DCCCXXI.

440 933 715 980 Conventus
738 949 898 979 mense
916 931 1040 979 febr.
1064 933 1347 998 Aquisgrani
1370 931 1582 990 habitus,
1606 941 1653 980 et
1674 933 1723 980 in
1745 949 1802 980 eo

377 1010 434 1056 de
460 1009 587 1056 bello
619 1009 931 1058 Liudevvitieo
957 1019 1240 1067 tractatum,
1268 1027 1321 1055 ac
1345 1019 1439 1057 tres
1463 1010 1696 1057 exercitus
1725 1026 1804 1057 or-

378 1087 528 1132 dinati
568 1087 649 1151 qui
683 1085 847 1132 futura
882 1096 1043 1133 aestate
1075 1086 1371 1150 perfidorum
1401 1104 1537 1151 agros
1567 1105 1653 1150 per
1681 1088 1806 1134 vices

377 1175 634 1212 vastarent.
664 1165 818 1211 Simili
854 1164 998 1211 modo
1022 1164 1079 1212 de
1102 1182 1261 1211 marca
1285 1165 1536 1229 Hispanica
1567 1166 1806 1213 constitu-

379 1253 511 1297 tum,
548 1253 595 1289 et
632 1241 723 1289 hoc
760 1242 885 1288 illius
918 1242 1084 1288 limitis
1118 1242 1357 1307 praefectis
1395 1243 1682 1307 imperatum
1716 1253 1802 1290 est.

381 1321 658 1383 lterumque
685 1330 950 1367 conventus
973 1337 1135 1366 mense
1161 1320 1287 1367 maio
1317 1320 1598 1385 Noviomagi
1624 1319 1808 1368 haben-

381 1398 467 1443 dus
492 1396 742 1444 condictus
762 1408 855 1453 est,
877 1399 1169 1463 comitesque
1190 1400 1273 1464 qui
1293 1399 1405 1445 illuc
1421 1400 1642 1446 venirent
1656 1398 1809 1464 depu-

381 1475 486 1520 tati.
505 1475 578 1521 Eo
596 1493 724 1522 anno
739 1475 810 1538 (1)
832 1474 1036 1522 domnus
1054 1476 1316 1540 imperator
1330 1487 1438 1540 post
1453 1476 1558 1524 festi
1580 1475 1809 1522 Paschalis

382 1552 705 1616 expletionem
725 1569 810 1616 per
829 1553 1014 1599 Mosam
1035 1554 1296 1618 navigavit,
1320 1552 1481 1619 ibique
1500 1553 1810 1601 constitutam

381 1631 518 1676 annis
542 1628 867 1694 superioribus
894 1642 1036 1696 atque
1060 1633 1380 1696 conscriptam
1406 1633 1532 1679 inter
1555 1632 1678 1679 filios
1702 1650 1809 1679 suos

383 1709 517 1773 regni
545 1708 618 1772 (2)
651 1709 966 1772 partitionem
989 1710 1255 1768 recensuit,
1286 1728 1339 1756 ac
1365 1711 1648 1775 juramentis
1682 1710 1811 1774 opti—

383 1797 568 1832 matum
600 1787 679 1851 qui
719 1798 835 1833 tunc
869 1787 1025 1834 adesse
1050 1799 1318 1852 potuerunt
1341 1788 1670 1845 confirmavit,
1707 1805 1811 1833 sus-

385 1865 628 1929 ceptisque
654 1863 831 1912 ibidem
858 1864 1090 1911 Paschalis
1118 1866 1323 1912 Romani
1349 1865 1589 1930 pontificis
1616 1865 1807 1930 legatis,

385 1943 530 1988 Petro
555 1941 773 1989 videlicet
798 1943 1197 1990 Centumcellensi
1223 1943 1445 2007 episcopo
1470 1954 1518 1990 et
1540 1945 1700 1991 Leone
1725 1961 1812 1990 no-

386 2019 708 2076 menclatore,
737 2019 1009 2084 eisdemque
1033 2020 1251 2067 celeriter
1275 2020 1527 2077 absolutis,
1557 2019 1812 2069 comitibus

388 2096 531 2142 etiam
555 2096 636 2160 qui
661 2096 857 2143 aderant
872 2133 885 2153 ,
911 2097 968 2143 ad
992 2096 1345 2161 expeditionem
1368 2099 1693 2146 Pannonicam
1712 2098 1813 2146 des-

390 2175 552 2220 tinatis
570 2210 582 2229 ,
615 2175 712 2238 ipse
735 2174 983 2238 paululum
1012 2174 1076 2220 ibi
1101 2186 1391 2233 remoratus,
1420 2177 1709 2241 Aquasgrani
1736 2194 1815 2223 re-

390 2268 551 2296 versus
575 2260 660 2296 est.
695 2252 755 2296 Et
787 2261 896 2314 post
929 2268 1102 2314 paucos
1135 2251 1230 2298 dies
1267 2270 1352 2316 per
1381 2252 1690 2299 Arduennam
1722 2253 1813 2299 iter

388 2327 593 2386 faciens,
618 2329 850 2375 Treveros
883 2346 936 2374 ac
966 2330 1105 2376 Metis
1137 2331 1298 2387 venit,
1337 2330 1541 2395 indeque
1569 2330 1810 2377 Rumerici

392 2405 635 2453 castellum
659 2416 849 2469 petens,
877 2406 1115 2470 reliquum
1147 2408 1296 2454 aestivi
1323 2408 1490 2454 caloris
1519 2418 1566 2455 et
1595 2408 1811 2454 autumni

440 2602 489 2645 (ι)
515 2601 572 2634 Sic
592 2600 635 2634 l).
657 2601 772 2648 Bouq.
791 2614 873 2635 cum
893 2602 1013 2636 lN‘uen.
1030 2614 1123 2636 com.
1144 2622 1190 2627 —
1204 2602 1309 2636 Pertz
1329 2618 1334 2635 :
1352 2602 1413 2637 Eo
1431 2601 1600 2635 domnus.

445 2660 491 2700 1ἵν.)
523 2661 640 2705 Regni
657 2661 693 2695 in
713 2661 780 2695 hac
800 2674 883 2695 x‘occ
902 2661 1024 2695 deficit
1044 2662 1290 2706 fragmentum
1313 2661 1571 2706 Ambergensc.
