2043 3193
507 162 558 198 76
841 157 965 196 VITA
994 157 1185 196 KAROLI
1217 156 1577 195 IMPERATORIS.

507 243 724 291 biebatur
736 280 750 302 ‚
778 254 824 291 et
850 243 1041 290 tibialiis
1061 245 1133 307 (1)
1147 263 1160 301 ;
1184 253 1286 288 tum
1309 242 1512 289 fasciolis
1535 258 1689 296 crura,
1714 251 1760 288 et
1776 240 1914 304 pedes

508 324 832 370 calceamentis
852 324 917 387 (2)
943 322 1296 387 constringebat
1311 357 1323 378 ,
1355 330 1402 368 et
1426 338 1481 367 ex
1501 318 1703 384 pellibus
1723 319 1915 365 lutrinis

509 411 556 446 ct
575 399 776 445 murinis
795 400 861 463 (ὅ)
887 401 1078 446 thorace
1104 398 1323 446 confecto
1351 396 1574 444 humeros
1593 396 1660 459 (4)
1685 413 1736 442 ac
1754 406 1917 459 pectus

506 475 676 541 hyeme
700 476 946 523 muniebat
955 495 969 533 3
992 493 1099 541 sago
1123 486 1294 523 veneto
1318 475 1539 530 amictus,
1561 482 1608 520 et
1626 472 1782 537 gladio
1803 489 1919 518 sem-

505 570 590 616 per
613 554 878 610 accinctus,
898 555 1028 617 cujus
1054 553 1247 616 capulus
1271 569 1322 598 ac
1341 551 1522 598 balteus
1549 560 1629 596 aut
1655 567 1822 596 aureus
1837 559 1918 594 aut

506 639 754 693 argenteus
779 639 892 677 erat.
919 629 1184 694 Aliquoties
1207 639 1254 675 et
1274 638 1512 693 gemmato
1534 627 1602 690 (5)
1625 643 1732 673 ense
1755 624 1919 672 uteba-

505 716 602 763 tur,
629 706 756 771 quod
780 717 939 754 tamen
962 725 1062 755 non
1083 707 1172 753 nisi
1200 707 1249 752 in
1274 707 1526 770 praecipuis
1543 703 1888 752 festivitatibus
1903 738 1916 759 ‚

506 784 579 830 vel
608 785 643 830 si
664 784 854 849 quando
873 794 1142 831 exterarum
1166 785 1380 848 gentium
1400 784 1539 848 legati
1568 783 1804 830 venissent
1824 780 1912 843 (6).

504 861 753 925 Peregrina
797 878 910 907 vero
956 860 1233 908 indumenta
1249 896 1263 917 ‚
1311 861 1524 925 quamvis
1563 858 1882 924 pulcherrima
1899 893 1913 914 ,

505 937 777 1001 respuebat,
805 956 892 985 nec
920 956 1133 1003 unquam
1152 940 1216 986 eis
1247 938 1380 985 indui
1403 938 1688 1002 patiebatur,
1717 948 1916 1000 excepto

506 1014 637 1078 quod
656 1015 822 1061 Romae
847 1014 987 1061 semel
1002 1050 1016 1071 ,
1042 1014 1254 1061 Adriano
1278 1015 1505 1079 pontifice
1524 1024 1713 1079 petente
1727 1050 1741 1073 ,
1762 1023 1808 1060 et
1833 1014 1919 1058 ite-

504 1110 614 1137 rum
640 1094 798 1139 Leone
826 1109 1090 1139 successore
1119 1095 1215 1156 ejus
1246 1093 1566 1156 supplicante,
1590 1092 1729 1156 longa
1759 1090 1916 1136 tunica

505 1179 553 1215 et
577 1169 773 1216 clamide
795 1170 993 1216 amictus
1010 1206 1023 1227 ‚
1052 1170 1214 1217 calceis
1240 1187 1432 1235 quoque
1455 1172 1674 1217 Romano
1696 1186 1829 1215 more
1849 1168 1920 1232 (7)

502 1245 719 1293 formatis
753 1246 1057 1293 induebatur.
1091 1249 1144 1293 In
1176 1247 1508 1294 festivitatibus
1535 1249 1606 1312 (8)
1639 1258 1765 1294 veste
1801 1263 1917 1294 auro

507 1333 629 1370 texta
656 1335 703 1372 et
721 1325 1046 1372 calceamentis
1062 1326 1307 1391 gemmatis
1325 1327 1396 1390 (9)
1412 1362 1424 1382 ,
1450 1336 1497 1373 et
1521 1325 1664 1372 fibula
1688 1342 1824 1372 aurea
1852 1342 1920 1370 sa-

505 1417 618 1464 gum
640 1401 963 1466 adstringente
983 1403 1086 1466 (ιο)
1104 1438 1117 1459 ,
1144 1402 1404 1450 diademate
1432 1420 1625 1468 quoque
1645 1421 1702 1449 ex
1731 1419 1849 1449 auro
1873 1411 1920 1448 et

505 1479 700 1541 gemmis
720 1490 915 1526 ornatus
938 1478 1183 1527 incedebat
1196 1498 1209 1537 3
1239 1480 1339 1526 aliis
1359 1491 1517 1528 autem
1544 1479 1708 1527 diebus
1733 1479 1920 1526 habitus

505 1558 602 1619 ejus
627 1575 796 1621 parum
820 1575 845 1603 a
870 1558 1113 1604 cOmmuni
1136 1568 1180 1604 et
1204 1557 1391 1622 plebeio
1410 1560 1451 1622 (1
1469 1559 1511 1622 1)
1533 1556 1837 1605 abhorrebat.

556 1721 606 1766 (ι)
631 1722 685 1755 Ita
710 1721 847 1756 habent
864 1722 910 1756 D.
935 1722 1051 1770 Bouq.
1076 1729 1113 1757 et
1137 1723 1301 1770 quinque
1318 1722 1425 1758 codd.
1446 1743 1491 1750 -—
1509 1723 1615 1758 Pertz
1641 1730 1762 1757 autem
1782 1740 1786 1757 :
1811 1726 1922 1758 cami-

510 1794 589 1816 sam
615 1782 808 1815 lineam....
838 1783 1058 1816 tunicam....
1081 1781 1221 1817 tibialia
1247 1782 1347 1830 quod
1367 1783 1484 1817 rarius
1510 1783 1547 1817 in
1573 1783 1737 1830 prosaico
1757 1795 1924 1818 sermone

512 1846 724 1885 usurpatur.

553 1899 604 1943 (2)
629 1899 688 1933 Sic
713 1899 757 1934 D.
785 1899 971 1946 Bouquet;
997 1911 1071 1934 non
1094 1899 1186 1934 nulli
1211 1899 1316 1934 codd.
1345 1901 1612 1941 calcianzentis;
1639 1901 1764 1943 Pera,
1791 1902 1921 1935 caltia-

510 1960 651 1992 menlis.

555 2014 605 2061 (3)
629 2016 796 2050 Lutrinis
814 2021 848 2049 εί
866 2016 1018 2050 murinis
1036 2015 1073 2049 in
1093 2015 1220 2051 decem
1234 2016 1340 2051 codd.
1363 2017 1640 2061 desiderantur3
1663 2019 1699 2052 in
1719 2030 1792 2053 uon
1813 2016 1922 2052 nullis

510 2075 658 2121 legitur,
684 2075 831 2109 lutrinis
849 2075 912 2108 vel
929 2076 1094 2109 murinis.

555 2134 606 2179 (4)
631 2133 748 2168 Codd.
769 2133 983 2168 Vindobon.
1005 2132 1074 2176 654
1091 2140 1127 2168 et
1139 2146 1184 2180 90
1204 2150 1209 2167 :
1233 2148 1387 2169 umeros.

556 2192 606 2239 (5)
631 2193 721 2228 Cod.
742 2192 882 2227 Christ.
899 2192 994 2239 Reg.
1012 2192 1079 2240 692
1098 2200 1134 2227 et
1153 2192 1226 2228 duo
1241 2193 1301 2228 alii
1324 2210 1329 2227 :
1354 2196 1550 2240 geminato.

557 2252 607 2298 (6)
631 2253 675 2287 D.
699 2253 816 2299 Bouq.
837 2251 1022 2287 adessent.

556 2313 606 2360 (7)
632 2312 726 2347 Cod.
748 2312 961 2349 vindobon.
980 2311 1049 2361 667
1068 2329 1074 2346 z
1098 2325 1216 2359 opere.

555 2372 605 2416 (ὃ)
632 2371 792 2405 Nuenar.
809 2382 928 2405 comes
951 2386 958 2404 :
980 2371 1272 2405 solennitatibus.

558 2430 609 2475 (9)
634 2428 725 2463 Cod.
746 2428 925 2463 Christin.
946 2428 1079 2475 Regin.
1095 2429 1162 2476 692
1182 2445 1187 2462 ·.
1209 2430 1416 2475 geminatis.

558 2490 630 2533 (10)
656 2487 773 2523 Codd.
796 2487 1008 2523 Vindobon.
1031 2486 1097 2523 558
1112 2496 1149 2524 et
1165 2488 1513 2534 Claustroneoburg.
1533 2503 1537 2520 :
1560 2488 1801 2532 astringebat.

559 2548 586 2589 (ι
602 2548 631 2591 1)
655 2547 747 2581 Cod.
771 2547 983 2582 Vindobon.
1012 2546 1079 2583 558
1105 2554 1142 2582 et
1170 2555 1242 2582 tres
1268 2548 1327 2582 alii
1358 2564 1362 2580 ·,
1397 2548 1475 2594 ejus
1505 2548 1687 2580 communi
1711 2559 1753 2579 (cc
1782 2546 1922 2591 plebeio

514 2620 582 2640 mm
599 2620 630 2640 a.
646 2624 651 2639 .·
673 2606 763 2641 Cod.
786 2607 1000 2642 Zwetlcnsis
1018 2624 1023 2641 :
1045 2609 1124 2653 ejus
1137 2609 1301 2653 plebeius
1317 2622 1339 2642 a
1354 2608 1494 2653 plebeia
1510 2619 1582 2641 non
1601 2619 1635 2640 a.
1651 2622 1659 2646 ,·
1676 2606 1763 2641 (jod⁴
1784 2605 1923 2643 Vindo‘

515 2666 594 2698 bon.
621 2667 681 2711 178
701 2682 703 2697 z
726 2666 803 2710 ejus
819 2668 1016 2700 communis
1037 2680 1058 2700 a
1073 2667 1213 2712 plebeio
1234 2680 1304 2701 mm
1328 2679 1360 2700 a.
