2043 3193
535 181 582 218 18
868 176 989 214 VITA
1021 175 1210 214 KAROLI
1241 173 1602 212 IMPERATORIS.

528 276 686 330 petere
717 263 886 328 coegit.
916 263 1066 323 Quem
1099 272 1254 308 tamen
1289 260 1353 307 ibi
1386 262 1641 308 consistere
1665 278 1762 308 non
1797 263 1938 308 susti-

528 359 676 398 nenS,
721 340 993 386 transmisso
1038 356 1174 385 amne
1213 337 1436 385 Garonna
1474 337 1546 401 (ι)
1592 337 1667 401 [et
1706 337 1936 386 aedificato

527 428 682 464 castro
717 417 994 480 Frontiaco]
1030 417 1119 479 (2),
1158 417 1319 479 Lupo,
1354 415 1653 461 WVasconum
1686 415 1816 472 duci,
1853 434 1937 479 per

525 495 702 560 legatos
724 493 939 550 mandat,
970 503 1022 539 ut
1044 493 1289 557 perfugam
1308 493 1378 556 (3)
1403 491 1589 548 reddam
1617 491 1747 556 quod
1770 493 1820 539 ni
1844 492 1936 539 fes-

525 574 677 620 tinato
706 571 869 627 faciat,
903 571 1030 618 bello
1063 587 1109 617 se
1143 588 1251 617 eum
1284 570 1695 633 expostulaturum
1727 571 1812 632 (4).
1847 570 1936 617 Sed

523 652 713 714 Lupus,
746 649 920 695 saniori
949 665 1059 694 usus
1091 648 1313 706 consilio,
1347 665 1445 694 non
1477 647 1630 694 solum
1659 646 1936 693 Hunoldum

524 725 753 783 reddidit,
775 725 853 771 sed
875 725 1016 771 etiam
1039 741 1084 771 se
1111 725 1289 788 ipsum,
1314 742 1422 770 cum
1441 725 1684 788 prov-incia
1712 725 1786 770 cui
1811 743 1936 789 prae-

525 814 650 862 erat,
679 805 774 867 ejus
799 804 1019 868 potestati
1045 803 1259 866 permisit
1276 803 1366 866 (5).

586 1039 666 1085 Vl.
711 1036 994 1099 Compositis
1037 1036 1083 1081 in
1131 1035 1383 1099 Aquitania
1425 1034 1566 1081 rebus
1613 1051 1763 1100 eoque
1804 1035 1933 1083 hello

522 1116 679 1171 finito,
698 1118 831 1178 regni
845 1130 1038 1178 quoque
1049 1113 1177 1160 socio
1191 1115 1286 1176 jam
1302 1112 1442 1159 rebus
1457 1112 1673 1159 humanis
1692 1123 1930 1177 exempto,

520 1201 687 1256 rogatu
721 1202 768 1238 et
799 1190 1017 1255 precibus
1048 1189 1242 1236 Adriani
1274 1191 1370 1252 (6),
1408 1190 1635 1235 Romanae
1666 1189 1799 1236 urbis
1830 1191 1934 1254 epi-

520 1271 674 1333 scopi,
695 1279 912 1316 exoratus
925 1303 938 1324 ,
959 1267 1137 1315 bellum
1158 1277 1324 1314 contra
1344 1266 1678 1330 Langobardos
1697 1269 1764 1331 (7)
1782 1286 1934 1315 susce-

518 1349 609 1413 pit.
637 1345 777 1406 Quod
802 1346 932 1409 prius
954 1344 1147 1408 quidem
1170 1354 1216 1391 et
1239 1361 1263 1389 a
1290 1353 1424 1408 patre
1447 1346 1567 1407 ejus,
1596 1344 1836 1408 Stephano
1858 1346 1932 1409 (8)

518 1442 637 1489 papa
671 1423 989 1488 supplicante,
1024 1438 1133 1467 eum
1164 1437 1332 1484 magna
1362 1420 1633 1468 difficultate
1666 1432 1932 1486 susceptum

519 1512 614 1557 est,
643 1501 752 1565 quia
774 1498 967 1565 quidam
992 1516 1016 1545 e
1038 1496 1330 1563 primoribus
1351 1499 1645 1544 Francorum
1660 1533 1673 1553 ‚
1700 1516 1806 1544 cum
1828 1500 1933 1564 qui-

518 1577 609 1624 bus
625 1577 891 1625 consultare
912 1574 1116 1630 solebat,
1138 1574 1252 1620 adeo
1269 1574 1502 1620 voluntati
1519 1577 1614 1638 ejus
1631 1576 1773 1622 renisi
1793 1587 1904 1622 suut
1916 1612 1928 1632 ‚

566 1750 617 1794 (1)
644 1747 713 1783 All.
740 1748 954 1789 Gar-ronna,
981 1747 1189 1788 Garommz,
1220 1745 1407 1785 Garromz,
1432 1745 1593 1780 Garona.

567 1808 619 1852 (2)
645 1807 729 1841 Haec
747 1805 875 1847 verba,
900 1804 1046 1838 uncinis
1064 1803 1220 1846 inclusa,
1251 1815 1324 1837 non
1348 1811 1550 1849 agnoscunt
1568 1803 1766 1839 Goldastus
1790 1812 1826 1841 et
1846 1805 1929 1840 Bol-

519 1866 669 1908 landus,
691 1877 756 1899 nec
774 1865 813 1898 in
828 1864 900 1898 suis
919 1875 1005 1897 mss.
1033 1863 1207 1909 reperisse
1231 1874 1267 1896 se
1285 1869 1438 1897 testatur
1458 1863 1705 1898 schminkius.
1734 1864 1874 1900 Desunt
1892 1866 1929 1899 in

522 1931 661 1971 septem
694 1923 799 1958 codd.
832 1922 978 1968 Regiis,
1011 1921 1194 1955 habentur
1226 1921 1264 1954 in
1294 1920 1437 1955 duobus
1464 1921 1603 1965 (Codd.
1622 1921 1713 1970 5927
1740 1929 1776 1957 et
1799 1922 1928 1971 5926.)

522 1984 587 2029 (D.
609 1984 809 2030 Bouquet).
827 2003 874 2009 -—
886 1982 1030 2017 Absunt
1048 1981 1092 2015 ab
1110 1980 1271 2015 editione
1289 1980 1487 2014 Pertziana.

568 2040 618 2087 (3)
643 2042 734 2077 Cod.
766 2040 977 2078 Vindobon.
1004 2038 1071 2086 667
1097 2055 1101 2072 ς
1131 2039 1351 2086 ρνρῇιξςάηῃ
1382 2039 1462 2074 cod.
1493 2040 1629 2075 Christ.
1660 2039 1792 2086 Regin.
1817 2039 1886 2087 657
1919 2056 1924 2073 z

520 2102 733 2148 prqfugzmz.

566 2160 615 2204 (4)
641 2158 734 2194 Cod.
756 2157 968 2194 Vindobon.
989 2154 1073 2198 538,
1099 2162 1135 2190 et
1154 2154 1233 2189 cod.
1258 2155 1467 2190 monasterii
1495 2155 1708 2191 Zwetlensis
1730 2172 1737 2190 ε
1762 2158 1929 2202 postula-

522 2217 813 2254 tarum.—-Cod.
828 2217 921 2264 Reg.
936 2217 1018 2251 Par.
1033 2229 1051 2250 a
1067 2216 1112 2250 D.
1130 2215 1244 2262 Bouq.
1264 2214 1388 2249 laudat
1404 2232 1410 2250 :
1426 2217 1675 2262 expulsurum.
1688 2237 1734 2242 ——
1751 2217 1924 2252 Chronic.

520 2279 555 2313 S.
575 2278 701 2325 Benig.
718 2277 861 2311 Divion.
886 2292 892 2309 z
916 2281 1226 2321 expugnaturum.

564 2337 616 2383 (5)
643 2338 800 2371 Ruenar.
822 2348 940 2371 comes
960 2342 997 2370 et
1016 2334 1224 2381 Marquard.
1247 2334 1428 2369 Freherus
1447 2350 1454 2369 t
1477 2335 1658 2369 submisit.

564 2396 614 2441 (6)
639 2396 730 2431 Cod.
754 2395 966 2431 Vindobou.
987 2393 1056 2436 654
1078 2410 1083 2427 :
1106 2393 1301 2428 Hadriani.

565 2458 614 2504 (7)
641 2456 712 2491 All.
734 2454 1023 2501 Lngabardos,
1045 2453 1327 2499 Longoluzrdns.

564 2518 613 2561 (8)
642 2516 716 2549 Sub
736 2515 921 2561 Sleplzano
937 2527 1035 2560 papa
1052 2527 1083 2547 s.
1102 2513 1239 2547 liabent
1256 2512 1404 2560 quidam
1424 2512 1579 2546 codices.
1599 2533 1637 2537 —
1656 2527 1672 2543 <c
1696 2512 1923 2547 Einhardum

519 2575 636 2621 primo
654 2574 802 2621 quidem
815 2574 882 2608 sul)
897 2574 1083 2619 (plz'canle)
1099 2572 1284 2617 Stephano
1300 2572 1405 2616 Papa
1422 2571 1622 2616 scripsisse,
1647 2578 1724 2605 [um
1745 2584 1827 2606 vero
1843 2585 1925 2617 sup-

517 2635 674 2679 plic-aule
693 2640 831 2667 remoto
845 2661 853 2675 ‚
880 2633 946 2666 sub
969 2645 1041 2666 non
1061 2632 1109 2666 ita
1127 2631 1299 2665 delevisse
1315 2630 1615 2671 existimaverim,
1640 2636 1679 2663 ut
1696 2642 1767 2664 uon
1787 2629 1923 2665 scriba—

519 2706 597 2727 rum
618 2694 726 2738 aliqui
748 2693 782 2726 id
802 2704 946 2738 quoquo.
966 2690 1213 2737 recipiendum
1234 2689 1447 2736 putaverint.
1468 2705 1482 2719 υ
1505 2689 1667 2732 (Perta.)
