1924 3183
462 239 539 274 212
1042 234 1292 273 KAROLUS.

461 341 627 370 zorum
650 322 823 388 regulis
861 333 908 370 et
938 322 1188 369 nobilitate
1216 322 1399 386 generis
1422 333 1468 369 et
1505 325 1783 371 auctoritate
1807 344 1871 373 se-

459 403 664 448 nectutis
682 401 823 467 longe
839 399 1179 465 praeeminebat
1191 401 1503 464 —extemplo
1520 419 1628 447 cum
1647 403 1868 449 omnibus

460 479 552 524 suis
575 478 631 524 ad
653 496 811 543 regem
835 478 892 525 de
917 478 1104 524 civitate
1131 478 1383 541 processit,
1406 476 1588 524 obsides
1606 480 1687 542 qui
1720 480 1868 542 impe-

459 556 688 602 rabantur
710 556 863 613 dedit,
904 555 1044 602 fidem
1069 573 1115 601 se
1149 556 1245 620 regi
1275 572 1326 601 ac
1351 555 1542 602 Francis
1574 569 1868 604 servaturum

450 634 760 698 jurejurando
783 634 1020 698 promisit.
1045 632 1196 692 Quem
1217 633 1374 679 caeteri
1395 633 1670 680 sclavorum
1688 635 1869 698 primo-

458 727 530 756 res
566 727 618 756 ac
641 711 790 774 reguli
821 727 984 756 omnes
1009 710 1186 765 secuti,
1215 727 1261 756 se
1290 709 1411 773 regis
1443 708 1614 765 ditioni
1646 709 1870 758 subdide-

457 797 589 832 runt.
620 788 746 832 Tum
772 786 875 840 ille,
904 784 1100 832 subacto
1122 785 1203 831 illo
1219 786 1399 849 populo
1423 795 1469 831 et
1491 784 1733 833 obsidibus
1752 804 1869 851 quos

456 865 781 929 darejusserat
803 864 1005 928 acceptis
1018 900 1032 923 ,
1050 863 1209 911 eadem
1229 864 1300 909 via
1325 881 1415 928 qua
1438 875 1626 910 venerat
1640 865 1696 910 ad
1712 864 1871 911 Albim

457 960 691 1007 regressus
726 952 819 997 est,
853 952 901 988 et
924 941 1135 988 exercitu
1153 959 1238 1005 per
1263 952 1460 1004 pontem
1480 940 1706 1000 reducto,
1733 941 1872 989 rebus

455 1037 646 1085 quoque
671 1019 728 1065 ad
765 1020 970 1066 Saxones
1011 1019 1364 1083 pertinentibus
1383 1018 1653 1088 'secundum
1689 1030 1872 1082 tempus

455 1097 718 1160 dispositis,
749 1098 798 1142 in
822 1097 1068 1142 Franciam
1090 1113 1302 1142 reversus
1327 1106 1421 1151 est,
1452 1106 1497 1142 et
1525 1096 1572 1140 in
1598 1096 1871 1143 Wormacia

456 1176 643 1222 civitate
674 1186 718 1221 et
742 1175 955 1221 Natalem
977 1175 1169 1221 Domini
1196 1185 1242 1220 et
1266 1172 1437 1220 Pascha
1460 1173 1730 1221 celebravit.

1045 1393 1268 1439 DCCXC.

520 1502 622 1547 Hoc
637 1517 763 1546 anno
789 1499 976 1545 nullum
1004 1500 1092 1546 iter
1116 1499 1366 1547 exercitale
1392 1517 1413 1544 a
1438 1516 1545 1563 rege
1567 1499 1745 1545 factum
1768 1501 1868 1564 (1);

456 1579 533 1625 sed
559 1579 607 1624 in
633 1578 913 1624 Worinacia
937 1577 1168 1632 residens,
1191 1577 1364 1641 legatos
1391 1579 1645 1624 Hunorum
1673 1588 1719 1624 et
1737 1579 1872 1623 audi-

456 1657 551 1712 vit,
588 1666 634 1702 et
659 1673 766 1701 suos
791 1655 995 1701 vicissim
1030 1656 1086 1700 ad
1109 1672 1276 1701 eorum
1302 1655 1540 1718 principes
1571 1656 1716 1701 misit.
1756 1656 1873 1720 Age-

455 1733 596 1778 batur
632 1732 755 1777 inter
788 1750 865 1779 eos
902 1732 958 1778 de
984 1732 1203 1779 confiniis
1241 1733 1311 1796 (2)
1356 1750 1613 1797 regnorum
1643 1750 1868 1789 suorum,

456 1809 629 1874 quibus
670 1810 716 1854 in
753 1809 868 1855 locis
903 1827 998 1856 esse
1027 1809 1272 1856 deberent.
1315 1810 1426 1855 Haec
1453 1810 1699 1857 contentio
1733 1822 1873 1875 atque

458 1887 701 1934 altercatio
717 1923 730 1945 ,
752 1887 889 1944 belli,
925 1887 1054 1952 quod
1078 1899 1237 1951 postea
1263 1904 1369 1932 cum
1394 1887 1545 1933 Hunis
1569 1899 1752 1951 gestum
1777 1900 1872 1945 est,

459 1965 761 2011 seminarium
789 1976 836 2011 et
868 1965 1004 2029 origo
1042 1964 1152 2010 fuit.
1199 1965 1298 2010 Rex
1324 1975 1505 2019 autem,
1540 1982 1598 2010 ne
1635 1967 1763 2029 quasi
1792 1984 1874 2029 per

460 2046 613 2090 otium
634 2054 824 2106 torpere
838 2061 890 2088 ac
902 2053 1088 2106 tempus
1106 2053 1256 2089 terere
1274 2042 1534 2097 videretur,
1553 2061 1638 2106 per
1654 2045 1874 2089 Moenum

461 2121 660 2167 fluvium
676 2120 731 2166 ad
757 2120 880 2166 Saltz
900 2121 989 2183 (ὅ),
1010 2120 1236 2183 palatium
1258 2138 1397 2165 suum
1420 2120 1467 2165 in
1484 2119 1875 2184 Germaniajuxta

461 2199 613 2246 Salam
633 2198 833 2244 fluvium
849 2209 1202 2254 constructum,
1226 2199 1486 2261 navigavit,
1513 2209 1653 2262 atque
1672 2199 1778 2245 inde
1799 2200 1878 2246 ite-

461 2296 569 2323 rum
601 2294 686 2340 per
720 2276 924 2321 cundem
963 2293 1149 2322 amnem
1174 2275 1372 2321 secunda
1407 2294 1525 2340 aqua
1552 2276 1876 2322 wormaciam.

462 2372 674 2402 reversus
701 2363 785 2400 est.
829 2354 1044 2417 Cumque
1080 2352 1144 2398 ibi
1187 2353 1438 2408 hiemaret,
1466 2354 1618 2416 ipsum
1652 2354 1875 2417 palatium

465 2433 512 2477 in
537 2448 633 2495 quo
658 2428 1050 2487 conversabatur,
1092 2447 1197 2476 casu
1228 2430 1492 2486 accidente,
1520 2441 1762 2477 nocturno
1801 2431 1875 2476 in-

507 2630 557 2673 (1)
583 2629 624 2662 D.
636 2628 748 2675 Bouq.
762 2629 1114 2663 cumNuenar.eom.
1129 2628 1194 2662 hoc
1205 2640 1303 2662 anno
1312 2627 1415 2661 nulla
1425 2626 1609 2672 expeditio
1620 2640 1642 2660 α
1655 2627 1800 2673 inflicta
1809 2633 1871 2660 est.

510 2687 559 2730 (2)
583 2687 765 2720 Frcherus
786 2703 791 2720 ·.
815 2687 859 2721 dc
879 2687 1096 2733 cmfinilms.

511 2745 559 2789 (T)
586 2746 654 2780 Ali.
680 2747 777 2780 δ’ἰιΙῖΔ
803 2748 915 2783 Salzl,
943 2748 1063 2780 Salar.

539 2760 545 2777 )
