<?xml version="1.0" encoding="UTF-8"?>
<!DOCTYPE html PUBLIC "-//W3C//DTD XHTML 1.0 Transitional//EN"
    "http://www.w3.org/TR/xhtml1/DTD/xhtml1-transitional.dtd">
<html xmlns="http://www.w3.org/1999/xhtml" xml:lang="en" lang="en">
 <head>
  <title>
</title>
<meta http-equiv="Content-Type" content="text/html;charset=utf-8" />
  <meta name='ocr-system' content='tesseract 3.04.00' />
  <meta name='ocr-capabilities' content='ocr_page ocr_carea ocr_par ocr_line ocrx_word'/>
</head>
<body>
  <div class='ocr_page' id='page_1' title='image "./einhardiomniaqua01einhuoft_0326.png"; bbox 0 0 1924 3183; ppageno 0'>
   <div class='ocr_carea' id='block_1_1' title="bbox 427 142 1266 184">
    <p class='ocr_par' dir='ltr' id='par_1_1' title="bbox 427 142 1266 184">
     <span class='ocr_line' id='line_1_1' title="bbox 427 142 1266 184; baseline -0.006 0"><span class='ocrx_word' id='word_1_1' title='bbox 427 149 505 184; x_wconf 76' lang='lat'>202</span> <span class='ocrx_word' id='word_1_2' title='bbox 1014 142 1266 180; x_wconf 83' lang='lat' dir='ltr'><strong>KAROLUS.</strong></span> 
     </span>
    </p>
   </div>
   <div class='ocr_carea' id='block_1_2' title="bbox 427 228 1853 2315">
    <p class='ocr_par' dir='ltr' id='par_1_2' title="bbox 427 228 1853 2315">
     <span class='ocr_line' id='line_1_2' title="bbox 428 228 1838 295; baseline 0.003 -17"><span class='ocrx_word' id='word_1_3' title='bbox 428 243 533 280; x_wconf 88' lang='lat' dir='ltr'>tens</span> <span class='ocrx_word' id='word_1_4' title='bbox 559 239 615 275; x_wconf 89' lang='lat' dir='ltr'>ut</span> <span class='ocrx_word' id='word_1_5' title='bbox 639 230 765 276; x_wconf 87' lang='lat' dir='ltr'>inter</span> <span class='ocrx_word' id='word_1_6' title='bbox 787 245 947 294; x_wconf 82' lang='lat' dir='ltr'>regem</span> <span class='ocrx_word' id='word_1_7' title='bbox 974 239 1116 293; x_wconf 86' lang='lat' dir='ltr'>atque</span> <span class='ocrx_word' id='word_1_8' title='bbox 1149 228 1286 276; x_wconf 89' lang='lat' dir='ltr'>illum</span> <span class='ocrx_word' id='word_1_9' title='bbox 1318 230 1553 278; x_wconf 84' lang='lat' dir='ltr'><strong>mediator</strong></span> <span class='ocrx_word' id='word_1_10' title='bbox 1581 234 1705 295; x_wconf 84' lang='lat' dir='ltr'>pacis</span> <span class='ocrx_word' id='word_1_11' title='bbox 1739 234 1838 281; x_wconf 85' lang='lat' dir='ltr'>fieri</span> 
     </span>
     <span class='ocr_line' id='line_1_3' title="bbox 427 306 1842 375; baseline 0.001 -18"><span class='ocrx_word' id='word_1_12' title='bbox 427 310 721 375; x_wconf 80' lang='lat' dir='ltr'><strong>dignaretur.</strong></span> <span class='ocrx_word' id='word_1_13' title='bbox 764 307 861 355; x_wconf 90' lang='lat' dir='ltr'>Nec</span> <span class='ocrx_word' id='word_1_14' title='bbox 891 308 1110 373; x_wconf 82' lang='lat' dir='ltr'><strong>pontifex</strong></span> <span class='ocrx_word' id='word_1_15' title='bbox 1147 306 1367 373; x_wconf 89' lang='lat' dir='ltr'>precibus</span> <span class='ocrx_word' id='word_1_16' title='bbox 1405 310 1502 372; x_wconf 90' lang='lat' dir='ltr'>ejus</span> <span class='ocrx_word' id='word_1_17' title='bbox 1539 311 1722 358; x_wconf 88' lang='lat' dir='ltr'>censuit</span> <span class='ocrx_word' id='word_1_18' title='bbox 1755 312 1842 359; x_wconf 89' lang='lat' dir='ltr'>ab-</span> 
     </span>
     <span class='ocr_line' id='line_1_4' title="bbox 427 383 1842 453; baseline 0.002 -20"><span class='ocrx_word' id='word_1_19' title='bbox 427 384 676 433; x_wconf 87' lang='lat' dir='ltr'>nuendum</span> <span class='ocrx_word' id='word_1_20' title='bbox 689 420 702 443; x_wconf 94' lang='lat'>‚</span> <span class='ocrx_word' id='word_1_21' title='bbox 724 383 803 432; x_wconf 91' lang='lat' dir='ltr'>sed</span> <span class='ocrx_word' id='word_1_22' title='bbox 821 394 998 450; x_wconf 89' lang='lat' dir='ltr'>quanta</span> <span class='ocrx_word' id='word_1_23' title='bbox 1016 384 1177 449; x_wconf 89' lang='lat' dir='ltr'>potuit</span> <span class='ocrx_word' id='word_1_24' title='bbox 1200 385 1423 431; x_wconf 87' lang='lat' dir='ltr'>instantia</span> <span class='ocrx_word' id='word_1_25' title='bbox 1441 386 1515 450; x_wconf 87' lang='lat'>(1)</span> <span class='ocrx_word' id='word_1_26' title='bbox 1541 386 1665 451; x_wconf 89' lang='lat' dir='ltr'>apud</span> <span class='ocrx_word' id='word_1_27' title='bbox 1685 405 1842 453; x_wconf 82' lang='lat' dir='ltr'>regem</span> 
     </span>
     <span class='ocr_line' id='line_1_5' title="bbox 428 462 1845 527; baseline 0.002 -17"><span class='ocrx_word' id='word_1_28' title='bbox 428 462 722 510; x_wconf 83' lang='lat' dir='ltr'>intercedere</span> <span class='ocrx_word' id='word_1_29' title='bbox 746 463 955 521; x_wconf 88' lang='lat' dir='ltr'>curavit,</span> <span class='ocrx_word' id='word_1_30' title='bbox 980 473 1036 508; x_wconf 91' lang='lat' dir='ltr'>ut</span> <span class='ocrx_word' id='word_1_31' title='bbox 1067 462 1194 509; x_wconf 90' lang='lat' dir='ltr'>inter</span> <span class='ocrx_word' id='word_1_32' title='bbox 1217 480 1295 510; x_wconf 89' lang='lat' dir='ltr'>eos</span> <span class='ocrx_word' id='word_1_33' title='bbox 1322 481 1414 527; x_wconf 79' lang='lat' dir='ltr'>pax</span> <span class='ocrx_word' id='word_1_34' title='bbox 1439 474 1486 510; x_wconf 90' lang='lat' dir='ltr'>et</span> <span class='ocrx_word' id='word_1_35' title='bbox 1512 464 1767 512; x_wconf 89' lang='lat' dir='ltr'>concordia</span> <span class='ocrx_word' id='word_1_36' title='bbox 1790 484 1845 514; x_wconf 88' lang='lat' dir='ltr'>ex</span> 
     </span>
     <span class='ocr_line' id='line_1_6' title="bbox 429 539 1847 607; baseline 0.002 -20"><span class='ocrx_word' id='word_1_37' title='bbox 429 558 526 588; x_wconf 85' lang='lat' dir='ltr'>suae</span> <span class='ocrx_word' id='word_1_38' title='bbox 550 540 823 605; x_wconf 83' lang='lat' dir='ltr'>apostolicae</span> <span class='ocrx_word' id='word_1_39' title='bbox 848 541 1145 588; x_wconf 81' lang='lat' dir='ltr'>auctoritatis</span> <span class='ocrx_word' id='word_1_40' title='bbox 1177 539 1504 588; x_wconf 81' lang='lat' dir='ltr'>admonitione</span> <span class='ocrx_word' id='word_1_41' title='bbox 1526 553 1669 607; x_wconf 85' lang='lat' dir='ltr'>atque</span> <span class='ocrx_word' id='word_1_42' title='bbox 1693 543 1847 591; x_wconf 87' lang='lat' dir='ltr'>inter-</span> 
     </span>
     <span class='ocr_line' id='line_1_7' title="bbox 427 617 1848 685; baseline 0.001 -19"><span class='ocrx_word' id='word_1_43' title='bbox 427 619 655 667; x_wconf 82' lang='lat' dir='ltr'>ventione</span> <span class='ocrx_word' id='word_1_44' title='bbox 676 619 970 683; x_wconf 88' lang='lat' dir='ltr'>proveniret.</span> <span class='ocrx_word' id='word_1_45' title='bbox 997 618 1083 664; x_wconf 87' lang='lat' dir='ltr'>Cui</span> <span class='ocrx_word' id='word_1_46' title='bbox 1108 634 1216 664; x_wconf 91' lang='lat' dir='ltr'>cum</span> <span class='ocrx_word' id='word_1_47' title='bbox 1238 634 1322 665; x_wconf 88' lang='lat' dir='ltr'>rex</span> <span class='ocrx_word' id='word_1_48' title='bbox 1347 617 1470 666; x_wconf 90' lang='lat' dir='ltr'>idem</span> <span class='ocrx_word' id='word_1_49' title='bbox 1492 637 1539 667; x_wconf 88' lang='lat' dir='ltr'>se</span> <span class='ocrx_word' id='word_1_50' title='bbox 1562 637 1848 685; x_wconf 82' lang='lat' dir='ltr'>magnopere</span> 
     </span>
     <span class='ocr_line' id='line_1_8' title="bbox 427 696 1848 761; baseline 0.001 -18"><span class='ocrx_word' id='word_1_51' title='bbox 427 697 550 745; x_wconf 85' lang='lat' dir='ltr'>velle</span> <span class='ocrx_word' id='word_1_52' title='bbox 567 696 910 760; x_wconf 86' lang='lat' dir='ltr'>respondisset,</span> <span class='ocrx_word' id='word_1_53' title='bbox 937 696 1173 761; x_wconf 89' lang='lat' dir='ltr'>simulque</span> <span class='ocrx_word' id='word_1_54' title='bbox 1200 714 1225 743; x_wconf 91' lang='lat' dir='ltr'>a</span> <span class='ocrx_word' id='word_1_55' title='bbox 1250 696 1411 761; x_wconf 81' lang='lat' dir='ltr'>legatis</span> <span class='ocrx_word' id='word_1_56' title='bbox 1431 699 1692 754; x_wconf 39' lang='lat' dir='ltr'>,memorati</span> <span class='ocrx_word' id='word_1_57' title='bbox 1717 697 1848 745; x_wconf 94' lang='lat' dir='ltr'>ducis</span> 
     </span>
     <span class='ocr_line' id='line_1_9' title="bbox 430 773 1850 840; baseline 0 -18"><span class='ocrx_word' id='word_1_58' title='bbox 430 775 724 840; x_wconf 85' lang='lat' dir='ltr'>inquireret,</span> <span class='ocrx_word' id='word_1_59' title='bbox 760 793 903 840; x_wconf 88' lang='lat' dir='ltr'>quam</span> <span class='ocrx_word' id='word_1_60' title='bbox 929 775 1000 838; x_wconf 84' lang='lat'>(2)</span> <span class='ocrx_word' id='word_1_61' title='bbox 1025 773 1162 839; x_wconf 87' lang='lat' dir='ltr'>hujus</span> <span class='ocrx_word' id='word_1_62' title='bbox 1197 775 1457 839; x_wconf 84' lang='lat' dir='ltr'>pacationis</span> <span class='ocrx_word' id='word_1_63' title='bbox 1480 775 1758 823; x_wconf 88' lang='lat' dir='ltr'>firmitatem</span> <span class='ocrx_word' id='word_1_64' title='bbox 1779 776 1850 822; x_wconf 85' lang='lat' dir='ltr'>fa-</span> 
     </span>
     <span class='ocr_line' id='line_1_10' title="bbox 430 851 1851 916; baseline 0.001 -17"><span class='ocrx_word' id='word_1_65' title='bbox 430 870 536 901; x_wconf 86' lang='lat' dir='ltr'>cere</span> <span class='ocrx_word' id='word_1_66' title='bbox 558 851 812 910; x_wconf 87' lang='lat' dir='ltr'>deberent,</span> <span class='ocrx_word' id='word_1_67' title='bbox 834 851 1212 916; x_wconf 89' lang='lat' dir='ltr'>responderunt,</span> <span class='ocrx_word' id='word_1_68' title='bbox 1234 852 1322 899; x_wconf 86' lang='lat' dir='ltr'>sibi</span> <span class='ocrx_word' id='word_1_69' title='bbox 1349 853 1405 900; x_wconf 89' lang='lat' dir='ltr'>de</span> <span class='ocrx_word' id='word_1_70' title='bbox 1431 852 1516 899; x_wconf 86' lang='lat' dir='ltr'>hac</span> <span class='ocrx_word' id='word_1_71' title='bbox 1537 871 1589 900; x_wconf 88' lang='lat' dir='ltr'>re</span> <span class='ocrx_word' id='word_1_72' title='bbox 1612 851 1734 900; x_wconf 87' lang='lat' dir='ltr'>nihil</span> <span class='ocrx_word' id='word_1_73' title='bbox 1756 870 1851 900; x_wconf 89' lang='lat' dir='ltr'>esse</span> 
     </span>
     <span class='ocr_line' id='line_1_11' title="bbox 431 929 1846 995; baseline -0.001 -18"><span class='ocrx_word' id='word_1_74' title='bbox 431 931 760 989; x_wconf 86' lang='lat' dir='ltr'>commissum,</span> <span class='ocrx_word' id='word_1_75' title='bbox 797 947 885 978; x_wconf 92' lang='lat' dir='ltr'>nec</span> <span class='ocrx_word' id='word_1_76' title='bbox 921 948 967 977; x_wconf 89' lang='lat' dir='ltr'>se</span> <span class='ocrx_word' id='word_1_77' title='bbox 1007 929 1179 978; x_wconf 91' lang='lat' dir='ltr'>dehoc</span> <span class='ocrx_word' id='word_1_78' title='bbox 1218 931 1414 995; x_wconf 79' lang='lat' dir='ltr'>negotio</span> <span class='ocrx_word' id='word_1_79' title='bbox 1453 929 1580 976; x_wconf 91' lang='lat' dir='ltr'>aliud</span> <span class='ocrx_word' id='word_1_80' title='bbox 1613 930 1846 988; x_wconf 85' lang='lat' dir='ltr'>facturos,</span> 
     </span>
     <span class='ocr_line' id='line_1_12' title="bbox 429 1006 1850 1072; baseline 0.001 -18"><span class='ocrx_word' id='word_1_81' title='bbox 429 1025 575 1072; x_wconf 85' lang='lat' dir='ltr'>quam</span> <span class='ocrx_word' id='word_1_82' title='bbox 606 1017 661 1053; x_wconf 91' lang='lat' dir='ltr'>ut</span> <span class='ocrx_word' id='word_1_83' title='bbox 689 1024 912 1072; x_wconf 88' lang='lat' dir='ltr'>responsa</span> <span class='ocrx_word' id='word_1_84' title='bbox 945 1007 1066 1072; x_wconf 82' lang='lat' dir='ltr'>regis</span> <span class='ocrx_word' id='word_1_85' title='bbox 1097 1017 1239 1072; x_wconf 85' lang='lat' dir='ltr'>atque</span> <span class='ocrx_word' id='word_1_86' title='bbox 1268 1007 1512 1072; x_wconf 83' lang='lat' dir='ltr'>pontificis</span> <span class='ocrx_word' id='word_1_87' title='bbox 1542 1006 1742 1055; x_wconf 91' lang='lat' dir='ltr'>domino</span> <span class='ocrx_word' id='word_1_88' title='bbox 1765 1024 1850 1055; x_wconf 89' lang='lat' dir='ltr'>suo</span> 
     </span>
     <span class='ocr_line' id='line_1_13' title="bbox 429 1084 1852 1150; baseline -0.002 -17"><span class='ocrx_word' id='word_1_89' title='bbox 429 1096 752 1150; x_wconf 82' lang='lat' dir='ltr'>reportarent.</span> <span class='ocrx_word' id='word_1_90' title='bbox 796 1087 1017 1147; x_wconf 86' lang='lat' dir='ltr'>Quorum</span> <span class='ocrx_word' id='word_1_91' title='bbox 1048 1084 1205 1132; x_wconf 78' lang='lat' dir='ltr'>verbis</span> <span class='ocrx_word' id='word_1_92' title='bbox 1233 1103 1351 1150; x_wconf 89' lang='lat' dir='ltr'>papa</span> <span class='ocrx_word' id='word_1_93' title='bbox 1386 1095 1682 1146; x_wconf 79' lang='lat' dir='ltr'>commotus,</span> <span class='ocrx_word' id='word_1_94' title='bbox 1722 1085 1852 1132; x_wconf 83' lang='lat' dir='ltr'>velut</span> 
     </span>
     <span class='ocr_line' id='line_1_14' title="bbox 429 1163 1853 1229; baseline -0.001 -18"><span class='ocrx_word' id='word_1_95' title='bbox 429 1164 616 1213; x_wconf 87' lang='lat' dir='ltr'>fallaces</span> <span class='ocrx_word' id='word_1_96' title='bbox 639 1182 691 1211; x_wconf 88' lang='lat' dir='ltr'>ac</span> <span class='ocrx_word' id='word_1_97' title='bbox 709 1165 1039 1212; x_wconf 87' lang='lat' dir='ltr'>fraudulentos</span> <span class='ocrx_word' id='word_1_98' title='bbox 1073 1163 1384 1211; x_wconf 85' lang='lat' dir='ltr'>anathematis</span> <span class='ocrx_word' id='word_1_99' title='bbox 1407 1163 1562 1229; x_wconf 77' lang='lat' dir='ltr'>gladio</span> <span class='ocrx_word' id='word_1_100' title='bbox 1593 1163 1758 1210; x_wconf 88' lang='lat' dir='ltr'>statuit</span> <span class='ocrx_word' id='word_1_101' title='bbox 1775 1163 1853 1210; x_wconf 89' lang='lat' dir='ltr'>fe-</span> 
     </span>
     <span class='ocr_line' id='line_1_15' title="bbox 429 1241 1848 1307; baseline -0.001 -19"><span class='ocrx_word' id='word_1_102' title='bbox 429 1243 649 1300; x_wconf 88' lang='lat' dir='ltr'>riendos,</span> <span class='ocrx_word' id='word_1_103' title='bbox 696 1243 733 1288; x_wconf 93' lang='lat' dir='ltr'>si</span> <span class='ocrx_word' id='word_1_104' title='bbox 773 1241 832 1288; x_wconf 85' lang='lat' dir='ltr'>ab</span> <span class='ocrx_word' id='word_1_105' title='bbox 865 1242 984 1289; x_wconf 91' lang='lat' dir='ltr'>olim</span> <span class='ocrx_word' id='word_1_106' title='bbox 1018 1242 1117 1307; x_wconf 80' lang='lat' dir='ltr'>regi</span> <span class='ocrx_word' id='word_1_107' title='bbox 1150 1242 1380 1306; x_wconf 86' lang='lat' dir='ltr'>promissa</span> <span class='ocrx_word' id='word_1_108' title='bbox 1411 1242 1503 1289; x_wconf 89' lang='lat' dir='ltr'>fide</span> <span class='ocrx_word' id='word_1_109' title='bbox 1528 1242 1848 1298; x_wconf 88' lang='lat' dir='ltr'>discederent,</span> 
     </span>
     <span class='ocr_line' id='line_1_16' title="bbox 430 1319 1853 1384; baseline -0.001 -19"><span class='ocrx_word' id='word_1_110' title='bbox 430 1329 573 1384; x_wconf 85' lang='lat' dir='ltr'>atque</span> <span class='ocrx_word' id='word_1_111' title='bbox 590 1321 653 1366; x_wconf 90' lang='lat' dir='ltr'>ita</span> <span class='ocrx_word' id='word_1_112' title='bbox 668 1355 681 1377; x_wconf 93' lang='lat'>,</span> <span class='ocrx_word' id='word_1_113' title='bbox 703 1319 882 1367; x_wconf 90' lang='lat' dir='ltr'>infecto</span> <span class='ocrx_word' id='word_1_114' title='bbox 905 1320 1031 1384; x_wconf 85' lang='lat' dir='ltr'>pacis</span> <span class='ocrx_word' id='word_1_115' title='bbox 1050 1320 1268 1384; x_wconf 81' lang='lat' dir='ltr'>negotio,</span> <span class='ocrx_word' id='word_1_116' title='bbox 1291 1319 1466 1366; x_wconf 86' lang='lat' dir='ltr'>reversi</span> <span class='ocrx_word' id='word_1_117' title='bbox 1492 1329 1620 1365; x_wconf 91' lang='lat' dir='ltr'>sunt.</span> <span class='ocrx_word' id='word_1_118' title='bbox 1643 1319 1742 1365; x_wconf 86' lang='lat' dir='ltr'>Rex</span> <span class='ocrx_word' id='word_1_119' title='bbox 1767 1335 1853 1365; x_wconf 91' lang='lat' dir='ltr'>au-</span> 
     </span>
     <span class='ocr_line' id='line_1_17' title="bbox 430 1395 1852 1460; baseline -0.001 -18"><span class='ocrx_word' id='word_1_120' title='bbox 430 1406 528 1443; x_wconf 83' lang='lat' dir='ltr'>tem</span> <span class='ocrx_word' id='word_1_121' title='bbox 539 1431 553 1454; x_wconf 92' lang='lat'>,</span> <span class='ocrx_word' id='word_1_122' title='bbox 588 1396 793 1445; x_wconf 87' lang='lat' dir='ltr'>adoratis</span> <span class='ocrx_word' id='word_1_123' title='bbox 817 1406 1094 1444; x_wconf 89' lang='lat' dir='ltr'>sanctorum</span> <span class='ocrx_word' id='word_1_124' title='bbox 1123 1396 1453 1460; x_wconf 88' lang='lat' dir='ltr'>apostolorum</span> <span class='ocrx_word' id='word_1_125' title='bbox 1492 1395 1739 1442; x_wconf 86' lang='lat' dir='ltr'>liminibus</span> <span class='ocrx_word' id='word_1_126' title='bbox 1761 1412 1852 1441; x_wconf 87' lang='lat' dir='ltr'>vo-</span> 
     </span>
     <span class='ocr_line' id='line_1_18' title="bbox 430 1471 1851 1538; baseline 0 -21"><span class='ocrx_word' id='word_1_127' title='bbox 430 1473 584 1538; x_wconf 84' lang='lat' dir='ltr'>tisque</span> <span class='ocrx_word' id='word_1_128' title='bbox 610 1473 804 1531; x_wconf 87' lang='lat' dir='ltr'>solutis,</span> <span class='ocrx_word' id='word_1_129' title='bbox 845 1473 1104 1537; x_wconf 88' lang='lat' dir='ltr'>apostolica</span> <span class='ocrx_word' id='word_1_130' title='bbox 1140 1472 1476 1520; x_wconf 85' lang='lat' dir='ltr'>benedictione</span> <span class='ocrx_word' id='word_1_131' title='bbox 1513 1482 1758 1536; x_wconf 84' lang='lat' dir='ltr'>percepta,</span> <span class='ocrx_word' id='word_1_132' title='bbox 1801 1471 1851 1517; x_wconf 91' lang='lat' dir='ltr'>in</span> 
     </span>
     <span class='ocr_line' id='line_1_19' title="bbox 429 1551 1853 1599; baseline -0.001 -2"><span class='ocrx_word' id='word_1_133' title='bbox 429 1552 679 1598; x_wconf 88' lang='lat' dir='ltr'>Franciam</span> <span class='ocrx_word' id='word_1_134' title='bbox 702 1569 916 1599; x_wconf 86' lang='lat' dir='ltr'>reversus</span> <span class='ocrx_word' id='word_1_135' title='bbox 943 1562 1029 1599; x_wconf 90' lang='lat' dir='ltr'>est.</span> <span class='ocrx_word' id='word_1_136' title='bbox 1064 1552 1126 1598; x_wconf 86' lang='lat' dir='ltr'>Et</span> <span class='ocrx_word' id='word_1_137' title='bbox 1150 1569 1259 1598; x_wconf 89' lang='lat' dir='ltr'>cum</span> <span class='ocrx_word' id='word_1_138' title='bbox 1289 1568 1489 1598; x_wconf 89' lang='lat' dir='ltr'>uxorem</span> <span class='ocrx_word' id='word_1_139' title='bbox 1512 1568 1643 1597; x_wconf 89' lang='lat' dir='ltr'>suam</span> <span class='ocrx_word' id='word_1_140' title='bbox 1666 1551 1853 1597; x_wconf 85' lang='lat' dir='ltr'>Fastra-</span> 
     </span>
     <span class='ocr_line' id='line_1_20' title="bbox 430 1629 1852 1695; baseline -0.001 -20"><span class='ocrx_word' id='word_1_141' title='bbox 430 1629 539 1676; x_wconf 83' lang='lat' dir='ltr'>dam</span> <span class='ocrx_word' id='word_1_142' title='bbox 571 1630 790 1695; x_wconf 85' lang='lat' dir='ltr'>filiosque</span> <span class='ocrx_word' id='word_1_143' title='bbox 824 1648 876 1676; x_wconf 91' lang='lat' dir='ltr'>ac</span> <span class='ocrx_word' id='word_1_144' title='bbox 918 1630 1035 1677; x_wconf 88' lang='lat' dir='ltr'>filias</span> <span class='ocrx_word' id='word_1_145' title='bbox 1071 1640 1117 1676; x_wconf 88' lang='lat' dir='ltr'>et</span> <span class='ocrx_word' id='word_1_146' title='bbox 1151 1646 1346 1677; x_wconf 89' lang='lat' dir='ltr'>omnem</span> <span class='ocrx_word' id='word_1_147' title='bbox 1377 1629 1681 1686; x_wconf 86' lang='lat' dir='ltr'>comitatum,</span> <span class='ocrx_word' id='word_1_148' title='bbox 1708 1646 1852 1693; x_wconf 83' lang='lat' dir='ltr'>quem</span> 
     </span>
     <span class='ocr_line' id='line_1_21' title="bbox 429 1704 1848 1770; baseline -0.001 -18"><span class='ocrx_word' id='word_1_149' title='bbox 429 1707 554 1770; x_wconf 90' lang='lat' dir='ltr'>apud</span> <span class='ocrx_word' id='word_1_150' title='bbox 575 1724 653 1753; x_wconf 91' lang='lat' dir='ltr'>eos</span> <span class='ocrx_word' id='word_1_151' title='bbox 670 1706 937 1764; x_wconf 83' lang='lat' dir='ltr'>dimiserat,</span> <span class='ocrx_word' id='word_1_152' title='bbox 961 1706 1255 1753; x_wconf 85' lang='lat' dir='ltr'>Wormaciae</span> <span class='ocrx_word' id='word_1_153' title='bbox 1281 1706 1560 1762; x_wconf 84' lang='lat' dir='ltr'>invenisset,</span> <span class='ocrx_word' id='word_1_154' title='bbox 1585 1704 1848 1769; x_wconf 81' lang='lat' dir='ltr'>generalem</span> 
     </span>
     <span class='ocr_line' id='line_1_22' title="bbox 428 1784 1852 1850; baseline -0.003 -18"><span class='ocrx_word' id='word_1_155' title='bbox 428 1785 595 1850; x_wconf 85' lang='lat' dir='ltr'>populi</span> <span class='ocrx_word' id='word_1_156' title='bbox 622 1786 691 1831; x_wconf 92' lang='lat' dir='ltr'>sui</span> <span class='ocrx_word' id='word_1_157' title='bbox 718 1796 1010 1832; x_wconf 78' lang='lat' dir='ltr'>conventum</span> <span class='ocrx_word' id='word_1_158' title='bbox 1036 1784 1101 1830; x_wconf 83' lang='lat' dir='ltr'>ibi</span> <span class='ocrx_word' id='word_1_159' title='bbox 1129 1784 1302 1832; x_wconf 85' lang='lat' dir='ltr'>habere</span> <span class='ocrx_word' id='word_1_160' title='bbox 1324 1785 1505 1830; x_wconf 84' lang='lat' dir='ltr'>statuit.</span> <span class='ocrx_word' id='word_1_161' title='bbox 1535 1785 1589 1830; x_wconf 89' lang='lat' dir='ltr'>In</span> <span class='ocrx_word' id='word_1_162' title='bbox 1617 1801 1714 1848; x_wconf 89' lang='lat' dir='ltr'>quo</span> <span class='ocrx_word' id='word_1_163' title='bbox 1742 1801 1852 1829; x_wconf 90' lang='lat' dir='ltr'>cum</span> 
     </span>
     <span class='ocr_line' id='line_1_23' title="bbox 429 1860 1851 1927; baseline -0.004 -17"><span class='ocrx_word' id='word_1_164' title='bbox 429 1863 590 1910; x_wconf 86' lang='lat' dir='ltr'>omnia</span> <span class='ocrx_word' id='word_1_165' title='bbox 606 1897 620 1920; x_wconf 96' lang='lat'>,</span> <span class='ocrx_word' id='word_1_166' title='bbox 644 1879 751 1927; x_wconf 82' lang='lat' dir='ltr'>quae</span> <span class='ocrx_word' id='word_1_167' title='bbox 775 1863 824 1908; x_wconf 88' lang='lat' dir='ltr'>in</span> <span class='ocrx_word' id='word_1_168' title='bbox 843 1862 975 1907; x_wconf 86' lang='lat' dir='ltr'>Italia</span> <span class='ocrx_word' id='word_1_169' title='bbox 989 1871 1191 1926; x_wconf 84' lang='lat' dir='ltr'>gesserat</span> <span class='ocrx_word' id='word_1_170' title='bbox 1205 1897 1219 1919; x_wconf 92' lang='lat'>,</span> <span class='ocrx_word' id='word_1_171' title='bbox 1249 1878 1409 1908; x_wconf 81' lang='lat' dir='ltr'>coram</span> <span class='ocrx_word' id='word_1_172' title='bbox 1427 1860 1738 1924; x_wconf 86' lang='lat' dir='ltr'>optimatibus</span> <span class='ocrx_word' id='word_1_173' title='bbox 1758 1860 1851 1905; x_wconf 88' lang='lat' dir='ltr'>suis</span> 
     </span>
     <span class='ocr_line' id='line_1_24' title="bbox 430 1937 1851 2002; baseline -0.004 -15"><span class='ocrx_word' id='word_1_174' title='bbox 430 1939 670 1987; x_wconf 87' lang='lat' dir='ltr'>narrando</span> <span class='ocrx_word' id='word_1_175' title='bbox 699 1949 1138 1997; x_wconf 83' lang='lat' dir='ltr'>commemorasset,</span> <span class='ocrx_word' id='word_1_176' title='bbox 1171 1948 1216 1985; x_wconf 87' lang='lat' dir='ltr'>et</span> <span class='ocrx_word' id='word_1_177' title='bbox 1240 1938 1297 1984; x_wconf 83' lang='lat' dir='ltr'>ad</span> <span class='ocrx_word' id='word_1_178' title='bbox 1316 1948 1584 1984; x_wconf 81' lang='lat' dir='ltr'>extremum</span> <span class='ocrx_word' id='word_1_179' title='bbox 1610 1937 1666 1985; x_wconf 90' lang='lat' dir='ltr'>de</span> <span class='ocrx_word' id='word_1_180' title='bbox 1690 1937 1851 2002; x_wconf 79' lang='lat' dir='ltr'>legatis</span> 
     </span>
     <span class='ocr_line' id='line_1_25' title="bbox 433 2014 1850 2082; baseline -0.001 -20"><span class='ocrx_word' id='word_1_181' title='bbox 433 2017 718 2074; x_wconf 85' lang='lat' dir='ltr'>Tassilonis,</span> <span class='ocrx_word' id='word_1_182' title='bbox 747 2017 830 2082; x_wconf 86' lang='lat' dir='ltr'>qui</span> <span class='ocrx_word' id='word_1_183' title='bbox 864 2016 921 2062; x_wconf 85' lang='lat' dir='ltr'>ad</span> <span class='ocrx_word' id='word_1_184' title='bbox 961 2034 1008 2063; x_wconf 89' lang='lat' dir='ltr'>se</span> <span class='ocrx_word' id='word_1_185' title='bbox 1037 2017 1203 2062; x_wconf 81' lang='lat' dir='ltr'>Romae</span> <span class='ocrx_word' id='word_1_186' title='bbox 1234 2025 1489 2072; x_wconf 84' lang='lat' dir='ltr'>venerant,</span> <span class='ocrx_word' id='word_1_187' title='bbox 1520 2015 1703 2062; x_wconf 86' lang='lat' dir='ltr'>mentio</span> <span class='ocrx_word' id='word_1_188' title='bbox 1727 2014 1850 2060; x_wconf 80' lang='lat' dir='ltr'>facta</span> 
     </span>
     <span class='ocr_line' id='line_1_26' title="bbox 431 2091 1851 2157; baseline -0.002 -17"><span class='ocrx_word' id='word_1_189' title='bbox 431 2094 622 2151; x_wconf 85' lang='lat' dir='ltr'>fuisset,</span> <span class='ocrx_word' id='word_1_190' title='bbox 656 2093 765 2139; x_wconf 88' lang='lat' dir='ltr'>iniit</span> <span class='ocrx_word' id='word_1_191' title='bbox 800 2093 1050 2140; x_wconf 89' lang='lat' dir='ltr'>consilium</span> <span class='ocrx_word' id='word_1_192' title='bbox 1083 2102 1137 2138; x_wconf 93' lang='lat' dir='ltr'>ut</span> <span class='ocrx_word' id='word_1_193' title='bbox 1165 2092 1487 2157; x_wconf 82' lang='lat' dir='ltr'>experiretur,</span> <span class='ocrx_word' id='word_1_194' title='bbox 1513 2092 1628 2157; x_wconf 81' lang='lat' dir='ltr'>quid</span> <span class='ocrx_word' id='word_1_195' title='bbox 1671 2091 1851 2138; x_wconf 84' lang='lat' dir='ltr'>Tassilo</span> 
     </span>
     <span class='ocr_line' id='line_1_27' title="bbox 430 2170 1851 2236; baseline -0.001 -18"><span class='ocrx_word' id='word_1_196' title='bbox 430 2171 488 2219; x_wconf 92' lang='lat' dir='ltr'>de</span> <span class='ocrx_word' id='word_1_197' title='bbox 509 2171 739 2236; x_wconf 87' lang='lat' dir='ltr'>promissa</span> <span class='ocrx_word' id='word_1_198' title='bbox 771 2170 860 2217; x_wconf 88' lang='lat' dir='ltr'>sibi</span> <span class='ocrx_word' id='word_1_199' title='bbox 894 2170 1118 2218; x_wconf 87' lang='lat' dir='ltr'>fidelitate</span> <span class='ocrx_word' id='word_1_200' title='bbox 1151 2170 1306 2218; x_wconf 86' lang='lat' dir='ltr'>facere</span> <span class='ocrx_word' id='word_1_201' title='bbox 1345 2170 1414 2235; x_wconf 81' lang='lat'>(5)</span> <span class='ocrx_word' id='word_1_202' title='bbox 1448 2170 1615 2228; x_wconf 78' lang='lat' dir='ltr'>vellet3</span> <span class='ocrx_word' id='word_1_203' title='bbox 1645 2188 1851 2235; x_wconf 81' lang='lat' dir='ltr'>congre-</span> 
     </span>
     <span class='ocr_line' id='line_1_28' title="bbox 431 2248 1847 2315; baseline 0 -20"><span class='ocrx_word' id='word_1_204' title='bbox 431 2260 636 2315; x_wconf 81' lang='lat' dir='ltr'>gatoque</span> <span class='ocrx_word' id='word_1_205' title='bbox 666 2249 848 2313; x_wconf 79' lang='lat' dir='ltr'>ingenti</span> <span class='ocrx_word' id='word_1_206' title='bbox 874 2248 1086 2296; x_wconf 86' lang='lat' dir='ltr'>exercitu</span> <span class='ocrx_word' id='word_1_207' title='bbox 1108 2259 1250 2314; x_wconf 84' lang='lat' dir='ltr'>atque</span> <span class='ocrx_word' id='word_1_208' title='bbox 1278 2249 1326 2295; x_wconf 91' lang='lat' dir='ltr'>in</span> <span class='ocrx_word' id='word_1_209' title='bbox 1362 2258 1456 2295; x_wconf 90' lang='lat' dir='ltr'>tres</span> <span class='ocrx_word' id='word_1_210' title='bbox 1489 2258 1644 2312; x_wconf 87' lang='lat' dir='ltr'>partes</span> <span class='ocrx_word' id='word_1_211' title='bbox 1673 2248 1847 2304; x_wconf 89' lang='lat' dir='ltr'>diviso,</span> 
     </span>
    </p>
   </div>
   <div class='ocr_carea' id='block_1_3' title="bbox 420 2422 1848 2706">
    <p class='ocr_par' dir='ltr' id='par_1_3' title="bbox 475 2422 1845 2471">
     <span class='ocr_line' id='line_1_29' title="bbox 475 2422 1845 2471; baseline -0.001 -13"><span class='ocrx_word' id='word_1_212' title='bbox 475 2426 528 2469; x_wconf 92' lang='lat'>(1)</span> <span class='ocrx_word' id='word_1_213' title='bbox 554 2424 600 2458; x_wconf 89' lang='lat' dir='ltr'>D.</span> <span class='ocrx_word' id='word_1_214' title='bbox 618 2424 735 2471; x_wconf 90' lang='lat' dir='ltr'>Bouq.</span> <span class='ocrx_word' id='word_1_215' title='bbox 751 2436 836 2458; x_wconf 88' lang='lat' dir='ltr'>cum</span> <span class='ocrx_word' id='word_1_216' title='bbox 854 2424 1017 2459; x_wconf 80' lang='lat' dir='ltr'>Nuenar.</span> <span class='ocrx_word' id='word_1_217' title='bbox 1035 2424 1168 2459; x_wconf 85' lang='lat' dir='ltr'>comite</span> <span class='ocrx_word' id='word_1_218' title='bbox 1185 2440 1191 2458; x_wconf 86' lang='lat'>:</span> <span class='ocrx_word' id='word_1_219' title='bbox 1209 2423 1278 2459; x_wconf 81' lang='lat' dir='ltr'>sed</span> <span class='ocrx_word' id='word_1_220' title='bbox 1290 2423 1422 2458; x_wconf 74' lang='lat' dir='ltr'>sedula</span> <span class='ocrx_word' id='word_1_221' title='bbox 1439 2422 1638 2458; x_wconf 78' lang='lat' dir='ltr'>admodum</span> <span class='ocrx_word' id='word_1_222' title='bbox 1656 2424 1845 2457; x_wconf 69' lang='lat' dir='ltr'>instantia,</span> 
     </span>
    </p>

    <p class='ocr_par' dir='ltr' id='par_1_4' title="bbox 432 2481 1848 2590">
     <span class='ocr_line' id='line_1_30' title="bbox 479 2481 1848 2531; baseline -0.001 -14"><span class='ocrx_word' id='word_1_223' title='bbox 479 2484 528 2530; x_wconf 82' lang='lat'>(2)</span> <span class='ocrx_word' id='word_1_224' title='bbox 554 2484 599 2518; x_wconf 92' lang='lat' dir='ltr'>D.</span> <span class='ocrx_word' id='word_1_225' title='bbox 617 2483 732 2531; x_wconf 88' lang='lat' dir='ltr'>Bouq.</span> <span class='ocrx_word' id='word_1_226' title='bbox 752 2496 836 2518; x_wconf 86' lang='lat' dir='ltr'>cum</span> <span class='ocrx_word' id='word_1_227' title='bbox 855 2484 985 2519; x_wconf 86' lang='lat' dir='ltr'>eodem</span> <span class='ocrx_word' id='word_1_228' title='bbox 1001 2499 1008 2518; x_wconf 78' lang='lat' dir='ltr'>t</span> <span class='ocrx_word' id='word_1_229' title='bbox 1030 2483 1180 2531; x_wconf 79' lang='lat' dir='ltr'>quando</span> <span class='ocrx_word' id='word_1_230' title='bbox 1195 2484 1231 2518; x_wconf 86' lang='grc' dir='ltr'>Ιι.</span> <span class='ocrx_word' id='word_1_231' title='bbox 1252 2485 1367 2530; x_wconf 80' lang='lat' dir='ltr'>pacis.</span> <span class='ocrx_word' id='word_1_232' title='bbox 1388 2482 1481 2518; x_wconf 90' lang='lat' dir='ltr'>Cod.</span> <span class='ocrx_word' id='word_1_233' title='bbox 1496 2482 1638 2517; x_wconf 78' lang='lat' dir='ltr'>Trevir.</span> <span class='ocrx_word' id='word_1_234' title='bbox 1656 2489 1693 2517; x_wconf 85' lang='lat' dir='ltr'>et</span> <span class='ocrx_word' id='word_1_235' title='bbox 1707 2481 1848 2519; x_wconf 76' lang='lat' dir='ltr'>Vindo-</span> 
     </span>
     <span class='ocr_line' id='line_1_31' title="bbox 432 2543 957 2590; baseline 0.006 -14"><span class='ocrx_word' id='word_1_236' title='bbox 432 2543 517 2577; x_wconf 83' lang='lat' dir='ltr'>bon.</span> <span class='ocrx_word' id='word_1_237' title='bbox 543 2556 628 2577; x_wconf 83' lang='lat'>110:</span> <span class='ocrx_word' id='word_1_238' title='bbox 651 2556 762 2590; x_wconf 81' lang='lat' dir='ltr'>quam</span> <span class='ocrx_word' id='word_1_239' title='bbox 782 2544 819 2579; x_wconf 77' lang='grc' dir='ltr'>Ιι.</span> <span class='ocrx_word' id='word_1_240' title='bbox 839 2546 957 2590; x_wconf 78' lang='lat' dir='ltr'>pacis.</span> 
     </span>
    </p>

    <p class='ocr_par' dir='ltr' id='par_1_5' title="bbox 420 2600 1848 2706">
     <span class='ocr_line' id='line_1_32' title="bbox 478 2600 1848 2650; baseline 0 -14"><span class='ocrx_word' id='word_1_241' title='bbox 478 2600 528 2646; x_wconf 80' lang='lat'>(3)</span> <span class='ocrx_word' id='word_1_242' title='bbox 554 2602 598 2636; x_wconf 91' lang='lat' dir='ltr'>D.</span> <span class='ocrx_word' id='word_1_243' title='bbox 619 2603 734 2650; x_wconf 84' lang='lat' dir='ltr'>Bouq.</span> <span class='ocrx_word' id='word_1_244' title='bbox 756 2616 840 2638; x_wconf 89' lang='lat' dir='ltr'>cum</span> <span class='ocrx_word' id='word_1_245' title='bbox 855 2604 1016 2641; x_wconf 65' lang='lat' dir='ltr'>Nuenar.</span> <span class='ocrx_word' id='word_1_246' title='bbox 1036 2605 1168 2640; x_wconf 78' lang='lat' dir='ltr'>comite</span> <span class='ocrx_word' id='word_1_247' title='bbox 1182 2611 1218 2639; x_wconf 83' lang='lat' dir='ltr'>et</span> <span class='ocrx_word' id='word_1_248' title='bbox 1237 2603 1318 2639; x_wconf 84' lang='lat' dir='ltr'>cod.</span> <span class='ocrx_word' id='word_1_249' title='bbox 1334 2603 1474 2638; x_wconf 75' lang='lat' dir='ltr'>Trevir.</span> <span class='ocrx_word' id='word_1_250' title='bbox 1495 2616 1529 2647; x_wconf 80' lang='lat' dir='ltr'>q.</span> <span class='ocrx_word' id='word_1_251' title='bbox 1552 2602 1594 2637; x_wconf 83' lang='lat' dir='ltr'>T.</span> <span class='ocrx_word' id='word_1_252' title='bbox 1612 2601 1656 2637; x_wconf 83' lang='lat' dir='ltr'>de</span> <span class='ocrx_word' id='word_1_253' title='bbox 1669 2602 1848 2647; x_wconf 64' lang='lat' dir='ltr'>promisso,</span> 
     </span>
     <span class='ocr_line' id='line_1_33' title="bbox 420 2660 847 2706; baseline -0.002 -8"><span class='ocrx_word' id='word_1_254' title='bbox 420 2660 503 2704; x_wconf 76' lang='lat' dir='ltr'>fide</span> <span class='ocrx_word' id='word_1_255' title='bbox 522 2668 703 2706; x_wconf 76' lang='lat' dir='ltr'>proestarc</span> <span class='ocrx_word' id='word_1_256' title='bbox 723 2663 847 2697; x_wconf 66' lang='lat' dir='ltr'>vellet.</span> 
     </span>
    </p>
   </div>
  </div>
 </body>
</html>
