1924 3183
406 165 476 202 138
978 163 1224 201 PIPPINUS.

394 248 597 313 justitias
635 249 708 313 (1)
745 248 1067 306 redditurum,
1111 249 1296 297 obsides
1337 251 1420 315 qui
1461 251 1807 316 imperarentur

400 326 622 373 daturum
642 347 652 373 :
672 325 802 374 dedit
819 327 959 373 etiam
972 326 1090 374 duos
1107 327 1165 374 de
1179 326 1469 391 primoribus
1483 330 1654 393 gentis,
1671 329 1809 377 Adal-

398 404 582 468 garium
602 414 648 451 et
671 403 918 452 Itherium.
941 405 1004 450 Et
1030 405 1121 452 hoc
1139 404 1265 452 facto
1279 441 1293 463 ‚
1326 416 1620 453 commotum
1643 418 1809 455 contra

399 499 445 528 se
469 483 590 546 regis
619 483 831 529 animum
865 483 979 530 adeo
1012 484 1245 548 mitigavit
1270 484 1372 547 (2),
1407 495 1461 530 ut
1490 485 1649 531 statim
1683 484 1810 534 bello

399 558 659 607 desisteret.
687 560 806 607 Nam
826 562 1027 625 acceptis
1057 560 1326 618 obsidibus,
1355 562 1436 626 qui
1457 561 1515 607 acl
1538 561 1679 609 fidem
1703 581 1812 627 pro-

399 638 703 685 missionibus
721 639 983 686 faciendam
1010 639 1105 686 dati
1126 651 1239 686 sunt
1256 675 1270 697 ,
1296 658 1378 687 rex
1403 639 1529 687 bello
1550 639 1778 687 abstinuit
1794 677 1808 698 ‚

400 716 691 781 domumque
721 735 957 774 reversus,
987 717 1179 764 dimisso
1203 718 1439 774 exercitu,
1473 718 1522 763 in
1540 717 1650 763 villa
1676 718 1812 763 Cari-

401 794 524 841 siaco
555 793 802 852 hiemavit,
842 795 890 841 in
914 813 1004 860 qua
1034 804 1080 841 et
1103 794 1319 842 Natalem
1351 795 1544 842 Domini
1569 805 1616 842 et
1641 794 1811 842 Pascha

403 871 672 918 celebravit.

986 1248 1234 1296 DCCLXI.

466 1356 726 1402 Waifarius
748 1355 871 1412 dux,
897 1371 1184 1419 quamquam
1208 1352 1391 1400 obsides
1413 1353 1635 1410 dedisset,
1667 1370 1814 1399 sacra-

403 1444 657 1498 mentaque
669 1434 894 1497 jurasset,
926 1432 1067 1477 satius
1083 1441 1241 1478 tamen
1266 1441 1394 1477 ratus
1404 1466 1417 1488 ‚
1444 1432 1481 1477 si
1503 1432 1576 1495 (5)
1602 1431 1659 1478 de
1680 1430 1811 1477 illato

403 1509 510 1567 sibi,
538 1526 666 1556 anno
691 1510 950 1573 superiore,
970 1508 1099 1555 bello
1119 1508 1352 1556 ultionem
1373 1508 1580 1573 exigeret
1595 1545 1608 1566 ,
1634 1508 1809 1556 exerci-

405 1598 507 1633 tum
531 1604 669 1632 suum
683 1623 696 1643 ,
725 1587 807 1651 qui
831 1588 1126 1634 Francorum
1145 1587 1455 1649 possessiones
1479 1586 1808 1650 popularetur,

402 1681 550 1729 usque
574 1663 631 1710 ad
663 1663 961 1711 Cabillonem
997 1664 1236 1710 civitatem
1259 1662 1374 1710 fecit
1407 1662 1643 1711 accedere.
1673 1663 1813 1724 Quod

404 1760 513 1788 cum
530 1742 735 1806 Pippino
758 1742 857 1806 regi
872 1740 1137 1806 generalem
1152 1751 1442 1787 conventum
1464 1741 1615 1805 agenti
1639 1741 1689 1787 in
1704 1740 1812 1786 villa

403 1819 549 1866 Duria
590 1818 754 1866 fuisset
789 1819 1102 1875 nunciatum,
1146 1819 1319 1865 coactis
1356 1817 1567 1882 undique
1600 1817 1809 1873 auxiliis,

403 1913 513 1942 cum
530 1913 703 1960 magno
718 1895 831 1942 belli
849 1905 1076 1959 apparatu
1094 1894 1396 1959 Aquitaniam
1418 1895 1668 1960 ingressus,
1683 1911 1813 1959 quae-

403 1972 512 2018 dam
527 1972 699 2036 oppida
718 1983 857 2037 atque
877 1971 1063 2018 castella
1081 1989 1226 2017 manu
1243 1971 1368 2035 cepit
1391 1988 1399 2016 :
1426 1971 1473 2016 in
1494 1969 1666 2035 quibus
1683 1989 1813 2035 prae-

405 2049 539 2112 cipua
570 2048 702 2095 fuere
746 2047 984 2094 Burbonis
997 2083 1010 2105 ,
1053 2047 1278 2104 Cantilla,
1323 2047 1625 2094 Clarmontis.
1669 2047 1813 2107 Quae-

405 2126 513 2172 dam
548 2127 616 2189 (4)
652 2143 698 2176 se
727 2125 898 2171 victori
932 2125 1062 2172 ultro
1093 2124 1376 2171 dediderunt
1402 2125 1489 2188 (5),
1515 2124 1812 2190 maximeque

405 2203 732 2250 Arvernorum
766 2202 978 2259 castella,
1010 2220 1116 2267 quae
1150 2213 1264 2249 tunc
1290 2201 1416 2249 bello
1449 2201 1807 2266 premebantur.

404 2283 504 2329 Rex
518 2293 677 2328 tamen
695 2291 863 2328 cuncta
877 2298 984 2345 quae
1004 2291 1136 2327 extra
1153 2282 1445 2328 munitiones
1465 2281 1665 2336 invenit,
1681 2279 1812 2326 ferro

449 2444 498 2488 (ι)
514 2443 560 2477 D.
582 2443 697 2489 Bouq.
718 2442 880 2476 ecclesiis
893 2442 982 2489 jura
999 2454 1080 2476 sua.

451 2503 501 2546 (2)
527 2502 573 2538 D.
593 2502 710 2548 Bouq.
730 2503 783 2535 ι’ία
800 2508 928 2536 contra
945 2514 982 2536 se
1002 2507 1218 2536 commotum
1237 2502 1335 2547 regis
1350 2502 1511 2534 animum
1525 2512 1571 2534 m.

451 2558 501 2603 (5)
530 2560 571 2594 δι’
580 2558 681 2595 deest
699 2572 757 2606 ap.
777 2560 820 2594 D.
842 2559 958 2607 Bouq.
980 2566 1018 2594 et
1034 2571 1101 2606 pro
1122 2561 1286 2607 exigeret
1303 2558 1394 2606 legit
1409 2559 1568 2604 exigere.

451 2620 500 2664 (4)
518 2620 609 2654 Cod.
627 2619 841 2657 Vindobon.
860 2618 930 2663 654
946 2636 953 2655 z
971 2633 1067 2667 quse.

449 2676 499 2722 (5)
525 2678 640 2714 Codd.
662 2679 875 2716 vindobon.
904 2692 965 2714 no
981 2686 1018 2715 et
1033 2691 1124 2728 990,
1142 2686 1177 2714 et
1197 2679 1241 2713 D.
1261 2678 1374 2724 Bouq.
1394 2675 1584 2712 dederunt.
