1924 3183
387 207 465 246 ‘284
974 210 1223 248 RAROLUS.

390 295 656 357 Imperator
680 303 860 352 autem,
891 313 998 341 cum
1023 296 1062 342 ei
1088 296 1235 341 multa
1259 295 1316 342 de
1337 296 1561 359 jactantia
1582 308 1628 343 et
1647 315 1804 361 super-

387 370 463 416 bia
497 372 618 436 regis
644 371 890 419 Danorum
916 374 1276 428 nuntiarentur,
1304 373 1468 418 statuit
1493 383 1622 419 trans
1648 373 1805 420 Albim

390 446 589 493 fluvium
611 448 849 496 civitatem
871 449 1103 496 aedificare
1117 485 1131 505 ,
1160 449 1549 513 Francorumque
1570 450 1618 495 in
1642 466 1693 496 ea
1720 467 1807 513 po-

391 540 503 570 nere
533 524 825 587 praesidium.
861 526 1076 591 Cumque
1107 526 1164 571 ad
1197 525 1287 572 hoc
1321 543 1405 590 per
1438 525 1639 572 Galliam
1666 536 1807 591 atque

389 601 693 648 Germaniam
716 601 932 649 homines
961 613 1316 668 congregasset,
1343 603 1579 667 armisque
1599 621 1652 649 ac
1671 613 1810 649 caete-

390 679 453 724 ris
472 678 529 725 ad
546 697 685 726 usum
703 681 974 727 necessariis
993 679 1134 727 rebus
1152 685 1412 728 instructos
1433 699 1520 745 per
1537 680 1734 727 Frisiam
1751 680 1809 726 ad

391 757 551 803 locum
568 756 857 804 destinatum
876 758 1048 805 ducere
1063 760 1300 822 jussisset,
1324 753 1534 805 Thr‘asco
1557 757 1654 804 dux
1678 757 1807 805 Abo-

389 832 629 880 dritorum
659 835 705 880 in
737 836 954 898 emporio
985 835 1125 882 Reric
1156 834 1214 880 ab
1248 833 1524 882 hominihus
1556 833 1808 881 Godofridi

391 927 474 973 per
499 909 665 957 dolum
691 911 973 958 interfectus
999 921 1084 958 est.
1116 910 1205 958 Sed
1239 912 1518 976 imperator,
1558 920 1811 976 postquam

392 988 521 1034 locus
569 990 747 1035 civitati
791 989 1139 1036 constituendae
1182 990 1253 1052 (ι)
1300 989 1454 1036 fuerat
1507 990 1807 1054 exploratus,

391 1065 653 1130 Egbertum
699 1068 779 1130 (2)
832 1067 1058 1114 comitem
1109 1066 1220 1113 huic
1273 1068 1465 1131 negotio
1510 1067 1811 1132 exsequendo

392 1142 681 1206 praeficiens,
714 1143 875 1190 Albim
907 1144 1103 1191 traicere
1130 1155 1176 1191 et
1206 1144 1366 1191 locum
1393 1145 1532 1209 jussit
1560 1163 1808 1209 occupare.

392 1220 478 1265 Est
504 1231 664 1267 autem
701 1220 831 1267 locus
869 1239 1011 1285 super
1049 1222 1204 1286 ripam
1238 1222 1412 1268 Sturiae
1454 1222 1694 1276 fluminis,
1731 1240 1812 1269 vo-

391 1298 561 1345 cabulo
597 1299 829 1346 Esesfelth
872 1301 946 1363 (3)
969 1336 982 1356 ,
1032 1311 1078 1347 et
1110 1311 1365 1365 occupatus
1398 1312 1467 1347 est
1502 1300 1561 1347 ab
1596 1300 1811 1366 Egberto

393 1386 438 1422 et
474 1375 733 1423 comitibus
768 1377 1012 1423 Saxonicis
1049 1378 1172 1424 circa
1209 1377 1310 1424 idus
1354 1379 1574 1434 martias,
1617 1390 1664 1426 et
1699 1397 1811 1425 mu-

394 1454 484 1499 niri
512 1465 718 1519 coeptus.

457 1531 692 1578 Aureolus
712 1549 894 1589 comes,
915 1534 996 1598 qui
1027 1535 1074 1579 in
1100 1534 1390 1581 commercio
1409 1535 1648 1598 Hispaniae
1674 1544 1814 1599 atque

393 1609 559 1657 Galliae
603 1621 733 1657 trans
772 1612 1035 1676 Pyrineum
1073 1623 1237 1659 contra
1279 1612 1445 1658 oscam
1482 1623 1528 1658 et
1571 1612 1815 1658 Caesarau—

391 1699 573 1751 gustam
596 1687 855 1745 residebat,
884 1688 1136 1736 defunctus
1156 1700 1251 1746 est,
1274 1700 1320 1736 et
1341 1690 1550 1737 Amoroz
1568 1690 1637 1753 (4)
1655 1725 1667 1745 ‚
1690 1706 1813 1753 prae-

392 1764 544 1811 fectus
569 1765 936 1831 Caesaraugustae
955 1777 1098 1831 atque
1124 1767 1283 1825 Oscae,
1309 1767 1467 1814 locum
1494 1770 1590 1832 ejus
1618 1766 1811 1822 invasit,

394 1854 441 1890 et
469 1844 518 1888 in
548 1843 748 1891 castellis
782 1844 907 1890 illius
947 1844 1161 1908 praesidia
1192 1846 1450 1909 disposuit,
1489 1845 1721 1908 missaque
1759 1843 1816 1888 ad

395 1923 728 1985 imperatorem
756 1922 1014 1986 legatione,
1043 1941 1138 1970 sese
1158 1941 1264 1969 cum
1286 1923 1511 1969 omnibus
1540 1940 1648 1987 quae
1677 1922 1816 1968 liabe-

394 1999 477 2045 bat
507 2001 554 2045 in
583 2000 876 2047 deditionem
906 2001 973 2046 illi
1004 2003 1167 2048 venire
1191 2002 1310 2048 velle
1336 2002 1571 2065 promisit.
1601 2000 1815 2066 Eclypsis

399 2078 527 2124 lunae
551 2078 755 2142 contigit
780 2095 845 2124 vu
870 2079 962 2124 kal.
983 2081 1171 2142 januar.

442 2294 493 2337 (1)
519 2291 637 2327 Codd.
660 2292 802 2326 Trevir.
824 2299 861 2326 et
885 2291 1101 2328 Vindobon.
1128 2305 1191 2326 110
1209 2299 1245 2326 et
1263 2304 1331 2339 990
1352 2307 1357 2324 z
1386 2293 1524 2326 civitati
1545 2288 1815 2325 construendce.

397 2351 489 2387 Cod.
506 2352 674 2386 Hannov.
690 2351 941 2386 exstruendce.

445 2412 494 2455 (7.)
521 2410 577 2444 Al.
598 2411 834 2457 Egibertwn.

443 2468 493 2515 (5)
519 2470 588 2504 All.
611 2470 781 2517 Exjkltlz,
806 2471 950 2517 Efscll,
972 2470 1183 2516 Esscsjfcld.

444 2532 493 2574 (si)
520 2530 576 2564 Al.
600 2531 770 2565 Amat-oz.
