2043 3193
509 134 560 174 24
841 131 869 169 Ns
880 129 963 168 ITA
993 128 1185 167 KAROLI
1217 125 1575 165 IMPERATORIS.

507 220 719 284 polluere
761 218 834 264 vel
880 214 1139 281 transgredi
1189 211 1494 259 inhonestum
1537 210 1908 257 arbitrabantur.

508 296 744 343 Suberant
761 305 808 343 et
826 311 973 342 causae
989 311 1095 358 quae
1112 289 1324 356 quotidie
1342 307 1504 354 pacem
1525 289 1810 336 conturbare
1825 305 1914 352 po-

506 385 688 433 terant,
726 373 918 421 termini
946 370 1163 418 videlicet
1187 369 1338 415 nostri
1373 368 1393 432 (
1405 368 1444 431 ι)
1478 378 1525 414 et
1552 367 1745 414 illorum
1776 385 1913 431 paene

504 453 681 519 ubique
707 454 753 499 in
779 452 922 516 plano
946 448 1185 512 contigui,
1207 457 1383 510 praeter
1401 463 1544 510 pauca
1568 445 1693 502 loca,
1719 445 1768 491 in
1800 445 1913 509 qui-

502 530 590 577 bus
624 530 699 577 vel
732 529 861 575 silvae
893 528 1115 590 majores,
1143 523 1217 570 vel
1249 524 1489 571 montium
1519 526 1630 588 juga
1666 523 1913 585 interjecta

502 619 820 672 utrorumque
849 621 983 669 agros
1009 612 1140 650 certo
1159 601 1311 648 limite
1329 601 1691 657 disterminant,
1726 600 1774 646 in
1802 600 1914 664 qui—

501 684 588 731 bus
609 685 755 731 caedes
779 693 825 730 et
843 682 1022 745 rapinae
1046 690 1093 727 et
1111 680 1184 743 (2)
1211 679 1426 726 incendia
1447 679 1653 746 vicissim
1679 677 1784 724 fieri
1810 694 1913 724 non

501 760 761 816 cessabant3
800 758 972 823 quibus
999 755 1115 802 adeo
1146 756 1314 801 Franci
1349 765 1460 801 sunt
1492 754 1689 810 irritati,
1728 764 1783 799 ut
1813 770 1914 800 non

495 841 593 903 jam
614 836 985 884 vicissitudinem
1003 835 1071 897 (ὅ)
1088 833 1303 893 reddere,
1322 833 1400 880 sed
1419 843 1638 897 apertum
1656 842 1823 880 contra
1842 833 1913 896 (4)

500 933 579 963 eos
615 915 790 962 bellum
821 913 1056 975 suscipere
1089 910 1287 975 dignum
1318 910 1602 975 judicarent.
1635 911 1915 973 Susceptum

500 1004 568 1041 est
592 993 736 1057 igitur
753 992 825 1056 (5)
851 989 1068 1036 adversus
1090 989 1162 1051 (6)
1187 1005 1265 1035 eos
1284 987 1487 1044 bellum,
1507 987 1638 1053 quod
1654 1005 1821 1052 magna
1843 988 1914 1051 (7)

500 1071 742 1134 utrimque
768 1067 1090 1122 animositate,
1113 1076 1271 1113 tamen
1300 1068 1478 1130 majore
1509 1066 1750 1112 Saxonum
1773 1082 1917 1130 quam

500 1149 795 1194 Francorum
825 1145 1033 1208 dampno
1062 1145 1158 1207 (ὃ),
1192 1161 1277 1208 per
1306 1144 1559 1192 continuos
1595 1143 1789 1208 triginta
1823 1153 1918 1189 tres

501 1241 651 1270 annos
690 1220 957 1286 gerebatur.
999 1222 1190 1267 Poterat
1227 1219 1458 1285 siquidem
1496 1219 1635 1265 citius
1676 1218 1835 1276 finiri,
1880 1219 1916 1265 si

503 1302 744 1348 Saxonum
775 1299 866 1346 hoc
901 1298 1097 1364 perfidia
1130 1308 1389 1362 pateretur.
1425 1297 1624 1344 Difficile
1656 1297 1787 1343 dictu
1821 1307 1915 1354 est,

503 1379 687 1444 quoties
700 1378 775 1443 (9)
792 1377 996 1441 superati
1010 1394 1061 1423 ac
1078 1376 1309 1440 supplices
1324 1376 1421 1440 regi
1437 1393 1484 1422 se
1498 1374 1782 1422 dediderunt
1793 1411 1805 1429 ,
1824 1375 1919 1420 im-

503 1466 662 1520 perata
684 1455 892 1503 facturos
909 1454 1111 1518 polliciti
1130 1464 1267 1511 sunt,
1297 1453 1481 1500 obsides
1504 1453 1585 1518 qui
1617 1452 1921 1517 imperaban-

507 1546 586 1580 tur
600 1533 776 1598 absque
792 1532 1020 1579 dilatione
1036 1531 1287 1587 dederunt,
1308 1531 1484 1595 legatos
1503 1531 1583 1595 qui
1603 1530 1920 1577 mittebantur

508 1620 831 1676 susceperunt,
853 1609 1101 1674 aliquoties
1121 1609 1182 1653 ita
1202 1607 1372 1667 domiti
1392 1618 1439 1655 et
1458 1607 1682 1664 emolliti,
1706 1618 1760 1653 ut
1779 1607 1920 1654 etiam

508 1687 692 1733 cultum
715 1686 989 1733 daemonum
1011 1684 1251 1731 dimittere
1277 1695 1324 1731 et
1346 1684 1614 1730 christianae
1636 1684 1855 1749 religioni
1874 1702 1921 1731 se

555 1934 604 1978 (ι)
629 1931 721 1967 Cod.
744 1931 835 1977 Reg.
856 1931 971 1965 Paris.
990 1929 1082 1978 5927
1102 1945 1107 1963 :
1131 1929 1303 1964 videlicet
1319 1929 1559 1964 Francorum.

556 1992 606 2036 (2)
631 1991 700 2033 Et,
720 1990 858 2024 habent
874 1990 919 2024 D.
940 1990 1056 2036 Bouq.
1081 1996 1117 2023 et
1140 1989 1216 2023 fere
1234 2001 1359 2023 omnes
1376 1988 1483 2023 codd.
1499 1989 1661 2023 Pertzius
1675 1995 1815 2031 autem,
1837 2000 1922 2023 cum

511 2061 584 2084 uno
597 2056 741 2083 tantum
761 2048 841 2083 cod.
863 2047 1075 2085 Vindobon.
1096 2047 1176 2095 667,
1198 2049 1273 2082 vel.
1295 2048 1383 2093 Quae
1397 2059 1481 2092 vox,
1501 2048 1556 2082 uti
1571 2047 1678 2091 dicit,
1699 2060 1718 2082 a
1735 2047 1922 2095 scriptori-

511 2109 578 2144 bus
595 2109 706 2155 hujus
721 2109 782 2143 aevi
802 2108 927 2143 eadem
948 2108 1211 2154 significatione
1230 2120 1301 2155 qua
1319 2114 1354 2142 et
1373 2114 1584 2154 usurpatur.

558 2168 608 2215 (5)
633 2170 794 2204 Nuenar.
813 2169 933 2212 Com„
962 2181 1045 2203 cum
1069 2167 1179 2203 codd.
1209 2167 1484 2211 Gemblacemi,
1506 2167 1690 2203 Bodleian.
1710 2174 1747 2202 et
1770 2166 1921 2214 Lugdu-

511 2230 614 2265 nensi
632 2245 638 2263 z
660 2231 771 2264 vices.

558 2289 609 2333 (4)
635 2287 725 2323 Cod.
749 2287 841 2333 Reg.
863 2286 977 2322 Paris.
1000 2286 1090 2329 4628
1111 2303 1116 2320 ς
1138 2286 1328 2321 adversus.

557 2348 607 2394 (5)
632 2347 724 2383 Cod.
743 2347 836 2394 Reg.
853 2347 966 2381 Paris.
985 2345 1076 2395 5927
1096 2363 1102 2381 :
1127 2359 1226 2393 ergo.

558 2407 607 2453 (6)
633 2407 724 2442 Cod.
746 2407 837 2453 Reg.
858 2407 971 2441 Paris.
989 2406 1080 2455 5927
1099 2423 1105 2440 :
1127 2413 1268 2441 contra.

559 2467 608 2513 (7)
633 2466 726 2500 Cod.
747 2465 881 2512 Regin.
904 2465 1081 2500 Christin.
1102 2465 1169 2513 692
1194 2482 1200 2500 :
1225 2468 1401 2501 maxima.

560 2525 610 2570 (8)
636 2526 689 2559 Ita
706 2526 817 2560 habet
835 2526 940 2560 Pertz
953 2554 962 2569 ‚
980 2538 1063 2559 cum
1080 2525 1229 2573 plerisq.
1250 2525 1357 2560 codd.
1373 2545 1419 2550 —-
1432 2524 1592 2558 Nuenar.
1610 2534 1729 2557 comes
1748 2529 1785 2557 et
1802 2523 1918 2570 Marq.

516 2583 710 2623 Frchcrus,
730 2596 813 2618 cum
833 2584 938 2618 codd.
957 2584 1169 2619 Florentino
1189 2591 1225 2619 et
1242 2583 1454 2620 Vindobon.
1470 2581 1538 2625 654
1561 2598 1566 2615 r
1588 2581 1735 2616 (Iamno.

563 2642 612 2685 (9)
640 2642 717 2675 Non
738 2642 825 2676 nulli
846 2641 950 2676 codd.
970 2645 1156 2687 quotiens.
1174 2663 1219 2668 —
1234 2642 1431 2685 dederimus.
1448 2647 1536 2675 —cl
1558 2640 1667 2683 infra,
1690 2640 1918 2685 aliquotiens
