1924 3183
426 187 504 222 ⁶279.
1009 184 1259 222 KAROLUS.

424 271 624 326 Mauris,
649 270 730 334 qui
756 269 1080 333 superioribus
1103 270 1238 316 annis
1261 269 1373 316 illue
1393 271 1654 333 praedatum
1680 275 1839 321 venire

425 358 793 404 consueverant,
830 346 1139 404 defenderet;
1175 348 1256 412 qui
1282 349 1417 411 juxta
1450 350 1839 398 consuetudinem

423 445 554 473 suam
582 426 639 472 de
672 426 893 490 Hispania
927 426 1126 490 egressi,
1162 426 1321 489 primo
1359 426 1624 473 Sardiniam
1659 429 1839 492 appulsi

423 515 561 561 sunt,
592 503 751 568 ibique
780 521 889 549 cum
913 503 1069 550 Sardis
1100 503 1270 567 praelio
1301 504 1579 561 commisso,
1607 514 1654 551 et
1678 505 1840 552 multis

423 601 621 630 suorum
643 583 819 628 amissis
841 611 906 617 —
925 600 1036 627 nam
1060 582 1148 627 tria
1173 581 1320 627 millia
1345 581 1410 627 ibi
1437 581 1653 629 cecidisse
1679 581 1841 646 perhi-

423 660 702 717 bentur—‚
734 661 781 705 in
807 660 1045 706 Corsicam
1074 669 1206 705 recto
1237 676 1377 704 cursu
1401 670 1740 722 pervenerunt.
1770 660 1840 705 lbi

424 739 599 784 iterum
630 737 676 782 in
708 734 914 799 quodam
945 744 1092 799 portu
1124 734 1331 798 ejusdem
1360 735 1526 780 insulae
1557 752 1667 780 eum
1701 735 1841 783 classe

424 815 498 861 cui
524 812 823 860 Burchardus
847 823 1074 876 praeerat,
1102 812 1271 876 praelio
1295 812 1680 868 decertaverunt,
1703 814 1842 858 victi-

422 909 515 956 que
540 908 592 936 ac
614 890 761 954 fugati
786 900 922 947 sunt,
948 890 1126 935 amissis
1152 889 1378 936 tredecim
1398 889 1596 935 naribus
1620 900 1666 936 et
1690 890 1843 953 pluri-

423 969 512 1014 mis
546 985 742 1014 suorum
777 966 1055 1013 interfectis.
1089 966 1221 1013 Adeo
1254 967 1337 1013 illo
1374 984 1501 1014 anno
1537 968 1584 1013 in
1618 965 1841 1013 omnibus

423 1047 540 1094 locis
573 1045 761 1092 adversa
794 1045 991 1093 fortuna
1022 1044 1205 1108 fatigati
1242 1056 1382 1100 sunt,
1422 1055 1476 1090 ut
1510 1045 1595 1107 ipsi
1627 1043 1714 1090 sibi
1752 1043 1841 1090 hoc

424 1122 642 1169 accidisse
681 1121 836 1167 testati
871 1122 968 1167 sint
999 1121 1093 1183 (ι),
1127 1137 1184 1167 eo
1220 1120 1375 1184 quod,
1410 1138 1538 1167 anno
1570 1120 1837 1184 superiore,

425 1211 592 1248 contra
621 1216 816 1245 omnem
836 1198 1070 1261 justitiam
1099 1196 1155 1243 de
1182 1197 1408 1243 Patelaria
1435 1198 1454 1261 ζ
1460 1198 1505 1260 2)
1540 1197 1687 1243 insula
1714 1215 1841 1244 sexa-

423 1280 554 1343 ginta
574 1275 833 1323 monachos
855 1285 1143 1340 asportatos,
1175 1276 1224 1321 in
1246 1276 1468 1339 Hispania
1498 1274 1838 1332 vendiderunt,

423 1371 633 1420 quorum
667 1353 812 1418 aliqui
843 1370 929 1416 per
962 1351 1295 1398 liberalitatem
1330 1352 1626 1416 imperatoris
1668 1353 1841 1398 iterum

424 1431 482 1477 ad
514 1448 594 1477 sua
624 1430 726 1477 loca
759 1431 932 1477 reversi
962 1439 1090 1475 sunt.
1125 1429 1289 1476 Niceta
1322 1430 1578 1493 patricius,
1613 1430 1696 1493 qui
1731 1447 1840 1475 cum

424 1509 564 1555 classe
601 1507 1130 1571 Constantinopolitana
1161 1506 1349 1554 sedebat
1384 1508 1432 1553 in
1464 1508 1690 1564 Venetia,
1729 1525 1841 1570 pace

422 1585 544 1631 facta
569 1603 674 1632 cum
707 1585 912 1650 Pippino
944 1603 1077 1650 rege,
1112 1595 1159 1632 et
1195 1585 1396 1633 induciis
1427 1602 1574 1649 usque
1608 1584 1664 1630 ad
1697 1602 1839 1631 men-

423 1682 520 1711 sem
540 1675 792 1729 augustum
809 1665 1080 1711 constitutis
1097 1700 1110 1720 ‚
1134 1664 1336 1710 statione
1355 1663 1505 1710 soluta
1521 1699 1534 1720 ,
1562 1663 1838 1710 Constanti-

423 1742 642 1805 nopolim
675 1758 910 1806 regressus
947 1752 1032 1788 est.
1075 1743 1177 1788 Hoc
1214 1759 1341 1788 anno
1378 1742 1635 1805 imperator
1668 1739 1837 1788 Pascha

425 1820 572 1883 Aquis
598 1818 853 1866 celebravit
881 1836 1069 1867 necnon
1095 1830 1142 1865 et
1167 1818 1383 1865 Natalem
1409 1819 1621 1866 Domini.

986 2414 1267 2463 DCCCVIII.

488 2514 645 2559 Hiems
671 2512 946 2560 mollissima
971 2531 1022 2559 ac
1046 2514 1269 2577 pestilens
1293 2514 1385 2559 fuit
1411 2514 1457 2558 in
1485 2512 1566 2559 illo
1592 2522 1829 2576 tempore,

469 2639 517 2682 (1)
544 2638 587 2671 l).
604 2638 719 2684 Bouq.
743 2639 780 2672 in
800 2646 874 2672 not.
897 2644 1129 2672 testarentur.

466 2698 513 2726 2‘·›‘1
543 2697 596 2730 ΑΙ.
622 2698 815 2731 Ι)(,>Ι(Ἰ(11·ι’(ι.
840 2698 969 2732 Annal.
992 2698 1115 2731 Boi-tin
1140 2714 1142 2717 >
1173 2698 1370 2730 Palmaria
