1924 3183
376 139 455 179 354
888 133 1263 173 HLUDOVVICUS.

375 245 398 272 a
431 242 528 290 quo
557 231 773 287 receptus
804 231 898 277 cst,
933 239 1017 285 per
1047 220 1213 267 dolum
1244 219 1522 275 interfecto,
1555 219 1798 265 civitatem

377 305 476 366 ejus
500 302 549 347 in
570 317 703 346 suam
722 298 905 364 redegit
924 297 1176 345 ditionem.
1200 296 1351 342 Missis
1373 305 1530 342 tamen
1550 294 1606 341 ad
1624 297 1802 342 exerci-

380 392 485 427 tum
499 378 799 443 imperatoris
813 377 974 442 legatis
990 376 1101 432 suis,
1126 374 1182 420 ad
1197 376 1294 438 ejus
1308 374 1607 438 praesentiam
1623 392 1669 421 se
1683 375 1802 421 velle

379 458 542 505 venire
560 455 799 520 promisit.
821 455 1027 501 Saxones
1046 454 1226 499 interea
1240 454 1373 515 jussu
1390 452 1689 515 imperatoris
1709 469 1804 498 cas-

380 537 548 584 tellum
576 533 816 600 quoddam
852 545 981 579 trans
1012 530 1172 578 Albim
1194 566 1204 585 ‚
1239 531 1286 575 in
1322 530 1429 577 loco
1458 531 1531 575 cui
1562 529 1805 577 Delbende

382 631 559 661 nomen
579 648 591 669 ,
631 611 894 666 aedificant,
923 609 1128 673 depulsis
1164 626 1220 654 ex
1253 624 1310 654 eo
1345 607 1544 663 sclavis,
1574 608 1657 671 qui
1689 606 1807 652 illud

382 694 514 758 prius
535 699 905 754 occupaverant,
928 687 1302 751 praesidiumque
1323 687 1564 748 Saxonum
1586 686 1632 731 in
1652 702 1708 732 eo
1727 701 1809 748 po-

384 772 528 817 situm
548 779 715 817 contra
738 767 1032 813 incursiones
1054 765 1264 812 illorum.
1290 764 1496 810 Comites
1516 781 1686 809 marcae
1705 763 1809 808 His-

383 849 565 914 panicae
598 858 729 892 trans
765 844 970 891 Sicorim
1007 843 1206 889 ssuvium
1242 843 1289 887 in
1324 842 1544 905 Hispania
1575 840 1805 905 profecti,

383 925 572 973 vastatis
606 924 728 988 agris
762 932 809 968 et
835 920 1038 967 incensis
1065 917 1394 983 compluribus
1422 919 1572 975 villis,
1604 928 1651 964 et
1678 929 1808 982 capta

385 1022 486 1051 non
516 1001 701 1048 modica
730 999 914 1063 praeda,
948 997 1145 1061 regressi
1180 1007 1309 1041 sunt.
1346 996 1497 1043 Simili
1529 995 1673 1043 modo
1704 1006 1812 1059 post

388 1079 734 1147 aequinoctium
766 1076 1039 1123 autumnale
1068 1093 1092 1121 a
1121 1073 1378 1125 comitibus
1413 1092 1585 1121 marcae
1619 1075 1813 1120 Britan-

387 1162 509 1207 nicae
536 1159 584 1204 in
609 1156 955 1222 possessionem
976 1153 1219 1218 cujusdam
1243 1153 1456 1199 Britonis
1471 1188 1484 1209 ,
1511 1153 1592 1217 qui
1618 1162 1721 1198 tum
1742 1170 1814 1199 re-

387 1239 524 1286 bellis
563 1237 811 1289 extiterat,
844 1234 1040 1280 nomine
1071 1230 1471 1287 Wihomarchus‚
1513 1231 1816 1296 expeditione

388 1317 540 1371 facta,
570 1324 616 1360 et
645 1312 807 1360 omnia
838 1311 968 1357 ferro
998 1319 1046 1356 et
1078 1309 1185 1373 igne
1215 1318 1390 1354 vastata
1422 1318 1551 1354 sunt.

457 1394 657 1440 Peracto
677 1401 921 1437 conventu
939 1389 1021 1453 qui
1042 1387 1113 1451 (1)
1134 1386 1360 1432 Attiniaci
1382 1385 1662 1441 habebatur,
1684 1385 1817 1432 dom-

394 1490 483 1518 nus
509 1472 770 1534 imperator
790 1467 990 1514 venandi
1016 1466 1163 1531 gratia
1184 1465 1492 1512 Arduennam
1513 1465 1675 1528 petiit3
1703 1464 1818 1511 Hlo-

397 1549 607 1596 tharium
631 1563 746 1593 vero
771 1544 923 1591 filium
949 1561 1086 1589 suum
1113 1543 1161 1589 in
1191 1543 1375 1589 Italiam
1406 1542 1560 1598 misit,
1590 1560 1699 1588 cum
1722 1559 1819 1606 quo

396 1625 684 1675 Walachum
707 1622 1026 1678 monachum,
1054 1621 1383 1686 propinquum
1418 1638 1556 1666 suum
1574 1657 1585 1676 ‚
1621 1620 1821 1666 fratrem

399 1703 619 1750 videlicet
638 1699 892 1748 Adalhardi
912 1698 1093 1744 abbatis
1108 1734 1121 1757 ‚
1143 1708 1191 1744 et
1213 1697 1490 1761 Gerungum
1514 1698 1820 1744 ostiariorum

399 1780 680 1845 magistrum
697 1794 789 1822 una
807 1775 976 1822 direxit
989 1775 1078 1838 (2),
1101 1792 1312 1840 quorum
1329 1773 1530 1821 consilio
1552 1785 1597 1820 et
1618 1775 1666 1819 in
1686 1792 1737 1820 re
1755 1773 1823 1818 fa-

402 1857 576 1904 miliari
601 1866 648 1902 et
672 1856 722 1901 in
741 1853 943 1918 negotiis
965 1853 1022 1899 ad
1047 1852 1180 1917 regni
1200 1850 1447 1898 commoda
1472 1849 1825 1915 pertinentibus

404 1944 641 1982 uteretur.
655 1931 914 1996 Pippinum
929 1940 1088 1977 autem
1108 1931 1154 1975 in
1167 1929 1473 1993 Aquitaniam
1492 1929 1559 1975 ire
1579 1929 1823 1993 praecepit,

408 2029 551 2076 quem
576 2020 734 2055 tamen
758 2008 888 2071 prius
913 2006 1058 2053 filiam
1076 2004 1357 2053 Theotberti
1374 2006 1444 2069 (5)
1459 2005 1644 2052 comitis
1663 2005 1829 2051 Matri-

412 2088 561 2136 censis
588 2088 637 2132 in
659 2085 933 2149 conjugium
953 2084 1065 2131 fecit
1088 2084 1317 2147 accipere,
1334 2093 1381 2129 et
1403 2093 1512 2147 post
1538 2083 1726 2146 nuptias
1750 2099 1830 2128 ce—

414 2167 616 2214 lebratas
640 2164 697 2210 ad
721 2162 936 2210 occiduas
953 2172 1109 2226 partes
1129 2162 1203 2225 (4)
1223 2161 1477 2225 proficisci.
1501 2162 1603 2224 lpse
1621 2178 1735 2207 vero
1752 2177 1831 2224 pe-

414 2255 538 2292 racta
549 2241 812 2289 autumnali
823 2240 1089 2295 venatione,
1102 2250 1231 2285 trans
1240 2238 1518 2286 Hrenumad
1532 2237 1834 2286 hiemandum

470 2461 519 2506 (1)
543 2460 673 2493 Pertz:
695 2456 804 2503 quod.

471 2527 520 2571 (2)
545 2525 589 2558 D.
608 2523 725 2569 Bouq.
747 2534 831 2556 cum
847 2521 1008 2556 Nuenar.
1025 2532 1117 2554 com.
1143 2533 1217 2554 una
1231 2522 1339 2553 misit.

473 2594 523 2639 (5)
549 2592 619 2628 All.
645 2592 864 2633 Thietberti,
887 2590 1087 2624 Teufflerti.

476 2666 526 2705 (li)

552 2662 584 2695 D
622 2660 735 2706 Bouq.
754 2672 835 2693 cum
858 2658 975 2692 Nuen.
997 2670 1089 2692 com.
1109 2656 1280 2691 occiduas
1295 2657 1470 2701 regiones.
