<?xml version="1.0" encoding="UTF-8"?>
<!DOCTYPE html PUBLIC "-//W3C//DTD XHTML 1.0 Transitional//EN"
    "http://www.w3.org/TR/xhtml1/DTD/xhtml1-transitional.dtd">
<html xmlns="http://www.w3.org/1999/xhtml" xml:lang="en" lang="en">
 <head>
  <title>
</title>
<meta http-equiv="Content-Type" content="text/html;charset=utf-8" />
  <meta name='ocr-system' content='tesseract 3.04.00' />
  <meta name='ocr-capabilities' content='ocr_page ocr_carea ocr_par ocr_line ocrx_word'/>
</head>
<body>
  <div class='ocr_page' id='page_1' title='image "./einhardiomniaqua01einhuoft_0218.png"; bbox 0 0 1924 3183; ppageno 0'>
   <div class='ocr_carea' id='block_1_1' title="bbox 376 162 1447 203">
    <p class='ocr_par' dir='ltr' id='par_1_1' title="bbox 376 162 1447 203">
     <span class='ocr_line' id='line_1_1' title="bbox 376 162 1447 203; baseline -0.002 0"><span class='ocrx_word' id='word_1_1' title='bbox 376 165 427 203; x_wconf 77' lang='lat'>94</span> <span class='ocrx_word' id='word_1_2' title='bbox 710 163 832 201; x_wconf 85' lang='lat' dir='ltr'><strong>VITA</strong></span> <span class='ocrx_word' id='word_1_3' title='bbox 863 162 1055 202; x_wconf 86' lang='lat' dir='ltr'><strong>KAROLI</strong></span> <span class='ocrx_word' id='word_1_4' title='bbox 1087 163 1447 203; x_wconf 80' lang='lat' dir='ltr'><strong>IMPERATORIS.</strong></span> 
     </span>
    </p>
   </div>
   <div class='ocr_carea' id='block_1_2' title="bbox 366 248 1786 1532">
    <p class='ocr_par' dir='ltr' id='par_1_2' title="bbox 366 248 1786 1532">
     <span class='ocr_line' id='line_1_2' title="bbox 374 248 1783 317; baseline 0.001 -20"><span class='ocrx_word' id='word_1_5' title='bbox 374 250 630 297; x_wconf 88' lang='lat' dir='ltr'>minimum</span> <span class='ocrx_word' id='word_1_6' title='bbox 650 249 846 297; x_wconf 84' lang='lat' dir='ltr'>terroris</span> <span class='ocrx_word' id='word_1_7' title='bbox 871 250 1081 296; x_wconf 82' lang='lat' dir='ltr'><strong>incussit.</strong></span> <span class='ocrx_word' id='word_1_8' title='bbox 1108 249 1310 298; x_wconf 90' lang='lat' dir='ltr'>Dimisso</span> <span class='ocrx_word' id='word_1_9' title='bbox 1329 248 1498 298; x_wconf 89' lang='lat' dir='ltr'>deinde</span> <span class='ocrx_word' id='word_1_10' title='bbox 1518 251 1565 297; x_wconf 92' lang='lat' dir='ltr'>in</span> <span class='ocrx_word' id='word_1_11' title='bbox 1585 250 1783 317; x_wconf 87' lang='lat' dir='ltr'>Aquita-</span> 
     </span>
     <span class='ocr_line' id='line_1_3' title="bbox 374 327 1782 393; baseline 0 -18"><span class='ocrx_word' id='word_1_12' title='bbox 374 330 504 375; x_wconf 91' lang='lat' dir='ltr'>niam</span> <span class='ocrx_word' id='word_1_13' title='bbox 528 327 653 385; x_wconf 86' lang='lat' dir='ltr'>filio,</span> <span class='ocrx_word' id='word_1_14' title='bbox 680 328 778 392; x_wconf 89' lang='lat' dir='ltr'>ipse</span> <span class='ocrx_word' id='word_1_15' title='bbox 800 344 934 375; x_wconf 85' lang='lat' dir='ltr'>more</span> <span class='ocrx_word' id='word_1_16' title='bbox 957 327 1126 387; x_wconf 88' lang='lat' dir='ltr'>solito,</span> <span class='ocrx_word' id='word_1_17' title='bbox 1158 327 1370 393; x_wconf 84' lang='lat' dir='ltr'>quamvis</span> <span class='ocrx_word' id='word_1_18' title='bbox 1395 339 1635 376; x_wconf 82' lang='lat' dir='ltr'>senectute</span> <span class='ocrx_word' id='word_1_19' title='bbox 1661 346 1782 375; x_wconf 86' lang='lat' dir='ltr'>con-</span> 
     </span>
     <span class='ocr_line' id='line_1_4' title="bbox 375 403 1785 469; baseline 0 -18"><span class='ocrx_word' id='word_1_20' title='bbox 375 404 550 461; x_wconf 84' lang='lat' dir='ltr'>fectuS,</span> <span class='ocrx_word' id='word_1_21' title='bbox 578 421 676 451; x_wconf 92' lang='lat' dir='ltr'>non</span> <span class='ocrx_word' id='word_1_22' title='bbox 695 405 835 469; x_wconf 83' lang='lat' dir='ltr'>longe</span> <span class='ocrx_word' id='word_1_23' title='bbox 858 422 881 450; x_wconf 91' lang='lat' dir='ltr'>a</span> <span class='ocrx_word' id='word_1_24' title='bbox 906 404 1031 469; x_wconf 84' lang='lat' dir='ltr'>regia</span> <span class='ocrx_word' id='word_1_25' title='bbox 1053 403 1262 469; x_wconf 88' lang='lat' dir='ltr'>Aquensi</span> <span class='ocrx_word' id='word_1_26' title='bbox 1287 413 1508 451; x_wconf 87' lang='lat' dir='ltr'>venatum</span> <span class='ocrx_word' id='word_1_27' title='bbox 1532 404 1785 469; x_wconf 88' lang='lat' dir='ltr'>proficisci-</span> 
     </span>
     <span class='ocr_line' id='line_1_5' title="bbox 376 479 1785 546; baseline 0.001 -19"><span class='ocrx_word' id='word_1_28' title='bbox 376 491 472 539; x_wconf 88' lang='lat' dir='ltr'>tur,</span> <span class='ocrx_word' id='word_1_29' title='bbox 494 491 751 546; x_wconf 85' lang='lat' dir='ltr'>exactoque</span> <span class='ocrx_word' id='word_1_30' title='bbox 775 481 824 527; x_wconf 91' lang='lat' dir='ltr'>in</span> <span class='ocrx_word' id='word_1_31' title='bbox 845 479 1167 545; x_wconf 88' lang='lat' dir='ltr'>hujuscemodi</span> <span class='ocrx_word' id='word_1_32' title='bbox 1187 481 1382 545; x_wconf 80' lang='lat' dir='ltr'>negotio</span> <span class='ocrx_word' id='word_1_33' title='bbox 1399 481 1528 545; x_wconf 85' lang='lat' dir='ltr'>quod</span> <span class='ocrx_word' id='word_1_34' title='bbox 1546 482 1785 546; x_wconf 85' lang='lat' dir='ltr'>reliquum</span> 
     </span>
     <span class='ocr_line' id='line_1_6' title="bbox 375 557 1784 623; baseline -0.001 -18"><span class='ocrx_word' id='word_1_35' title='bbox 375 568 475 605; x_wconf 89' lang='lat' dir='ltr'>erat</span> <span class='ocrx_word' id='word_1_36' title='bbox 508 558 752 615; x_wconf 90' lang='lat' dir='ltr'>autumni,</span> <span class='ocrx_word' id='word_1_37' title='bbox 789 559 911 604; x_wconf 89' lang='lat' dir='ltr'>circa</span> <span class='ocrx_word' id='word_1_38' title='bbox 944 557 1162 604; x_wconf 83' lang='lat' dir='ltr'>kalendas</span> <span class='ocrx_word' id='word_1_39' title='bbox 1193 557 1478 605; x_wconf 90' lang='lat' dir='ltr'>Novembris</span> <span class='ocrx_word' id='word_1_40' title='bbox 1501 558 1784 623; x_wconf 80' lang='lat' dir='ltr'>Aquisgrani</span> 
     </span>
     <span class='ocr_line' id='line_1_7' title="bbox 373 633 1783 699; baseline -0.001 -17"><span class='ocrx_word' id='word_1_41' title='bbox 373 635 646 682; x_wconf 85' lang='lat' dir='ltr'>revertitur.</span> <span class='ocrx_word' id='word_1_42' title='bbox 666 635 881 698; x_wconf 86' lang='lat' dir='ltr'>Cumque</span> <span class='ocrx_word' id='word_1_43' title='bbox 903 633 968 679; x_wconf 91' lang='lat' dir='ltr'>ibi</span> <span class='ocrx_word' id='word_1_44' title='bbox 987 633 1231 699; x_wconf 80' lang='lat' dir='ltr'>hyemaret</span> <span class='ocrx_word' id='word_1_45' title='bbox 1248 634 1340 698; x_wconf 88' lang='lat'>(1),</span> <span class='ocrx_word' id='word_1_46' title='bbox 1360 651 1520 681; x_wconf 90' lang='lat' dir='ltr'>mense</span> <span class='ocrx_word' id='word_1_47' title='bbox 1537 635 1783 694; x_wconf 89' lang='lat' dir='ltr'>Januario,</span> 
     </span>
     <span class='ocr_line' id='line_1_8' title="bbox 373 710 1786 775; baseline 0 -17"><span class='ocrx_word' id='word_1_48' title='bbox 373 711 505 759; x_wconf 85' lang='lat' dir='ltr'>febre</span> <span class='ocrx_word' id='word_1_49' title='bbox 521 711 668 758; x_wconf 82' lang='lat' dir='ltr'>valida</span> <span class='ocrx_word' id='word_1_50' title='bbox 693 721 957 775; x_wconf 89' lang='lat' dir='ltr'>correptus,</span> <span class='ocrx_word' id='word_1_51' title='bbox 980 710 1223 759; x_wconf 86' lang='lat' dir='ltr'>decubuit.</span> <span class='ocrx_word' id='word_1_52' title='bbox 1246 711 1338 772; x_wconf 87' lang='lat' dir='ltr'>Qui</span> <span class='ocrx_word' id='word_1_53' title='bbox 1367 711 1549 769; x_wconf 89' lang='lat' dir='ltr'>statim,</span> <span class='ocrx_word' id='word_1_54' title='bbox 1569 722 1623 758; x_wconf 92' lang='lat' dir='ltr'>ut</span> <span class='ocrx_word' id='word_1_55' title='bbox 1642 712 1691 758; x_wconf 91' lang='lat' dir='ltr'>in</span> <span class='ocrx_word' id='word_1_56' title='bbox 1711 711 1786 758; x_wconf 89' lang='lat' dir='ltr'>fe-</span> 
     </span>
     <span class='ocr_line' id='line_1_9' title="bbox 372 787 1785 848; baseline -0.001 -12"><span class='ocrx_word' id='word_1_57' title='bbox 372 788 538 837; x_wconf 88' lang='lat' dir='ltr'>bribus</span> <span class='ocrx_word' id='word_1_58' title='bbox 554 787 758 845; x_wconf 78' lang='lat' dir='ltr'>solebat,</span> <span class='ocrx_word' id='word_1_59' title='bbox 780 788 873 834; x_wconf 93' lang='lat' dir='ltr'>cibi</span> <span class='ocrx_word' id='word_1_60' title='bbox 893 788 983 835; x_wconf 90' lang='lat' dir='ltr'>sibi</span> <span class='ocrx_word' id='word_1_61' title='bbox 1003 788 1342 836; x_wconf 79' lang='lat' dir='ltr'>abstinentiam</span> <span class='ocrx_word' id='word_1_62' title='bbox 1363 789 1556 848; x_wconf 79' lang='lat' dir='ltr'>indixit,</span> <span class='ocrx_word' id='word_1_63' title='bbox 1577 789 1785 836; x_wconf 88' lang='lat' dir='ltr'>arbitra—</span> 
     </span>
     <span class='ocr_line' id='line_1_10' title="bbox 374 864 1786 930; baseline 0.001 -18"><span class='ocrx_word' id='word_1_64' title='bbox 374 876 448 912; x_wconf 86' lang='lat' dir='ltr'>tus</span> <span class='ocrx_word' id='word_1_65' title='bbox 468 865 552 912; x_wconf 85' lang='lat' dir='ltr'>hac</span> <span class='ocrx_word' id='word_1_66' title='bbox 570 867 637 929; x_wconf 78' lang='lat'>(2)</span> <span class='ocrx_word' id='word_1_67' title='bbox 659 865 952 912; x_wconf 85' lang='lat' dir='ltr'>continentia</span> <span class='ocrx_word' id='word_1_68' title='bbox 974 864 1198 912; x_wconf 81' lang='lat' dir='ltr'>morbum</span> <span class='ocrx_word' id='word_1_69' title='bbox 1220 882 1354 929; x_wconf 88' lang='lat' dir='ltr'>posse</span> <span class='ocrx_word' id='word_1_70' title='bbox 1376 865 1547 930; x_wconf 88' lang='lat' dir='ltr'>depelli</span> <span class='ocrx_word' id='word_1_71' title='bbox 1568 866 1640 912; x_wconf 85' lang='lat' dir='ltr'>vel</span> <span class='ocrx_word' id='word_1_72' title='bbox 1659 875 1786 913; x_wconf 88' lang='lat' dir='ltr'>certe</span> 
     </span>
     <span class='ocr_line' id='line_1_11' title="bbox 370 941 1785 1008; baseline 0 -19"><span class='ocrx_word' id='word_1_73' title='bbox 370 942 605 1008; x_wconf 73' lang='lat' dir='ltr'>mitigari,</span> <span class='ocrx_word' id='word_1_74' title='bbox 629 941 707 989; x_wconf 88' lang='lat' dir='ltr'>sed</span> <span class='ocrx_word' id='word_1_75' title='bbox 726 941 975 989; x_wconf 83' lang='lat' dir='ltr'>accedente</span> <span class='ocrx_word' id='word_1_76' title='bbox 991 941 1048 989; x_wconf 90' lang='lat' dir='ltr'>ad</span> <span class='ocrx_word' id='word_1_77' title='bbox 1063 941 1248 989; x_wconf 80' lang='lat' dir='ltr'>febrem</span> <span class='ocrx_word' id='word_1_78' title='bbox 1265 942 1423 989; x_wconf 90' lang='lat' dir='ltr'>lateris</span> <span class='ocrx_word' id='word_1_79' title='bbox 1441 942 1624 1001; x_wconf 87' lang='lat' dir='ltr'>dolore,</span> <span class='ocrx_word' id='word_1_80' title='bbox 1642 960 1785 1008; x_wconf 91' lang='lat' dir='ltr'>quem</span> 
     </span>
     <span class='ocr_line' id='line_1_12' title="bbox 368 1018 1785 1084; baseline -0.001 -18"><span class='ocrx_word' id='word_1_81' title='bbox 368 1020 524 1067; x_wconf 89' lang='lat' dir='ltr'>Graeci</span> <span class='ocrx_word' id='word_1_82' title='bbox 548 1019 785 1083; x_wconf 84' lang='lat' dir='ltr'>pleuresin</span> <span class='ocrx_word' id='word_1_83' title='bbox 799 1019 868 1083; x_wconf 70' lang='grc' dir='ltr'>(ὅ)</span> <span class='ocrx_word' id='word_1_84' title='bbox 893 1018 1059 1065; x_wconf 91' lang='lat' dir='ltr'>dicunt</span> <span class='ocrx_word' id='word_1_85' title='bbox 1081 1019 1155 1083; x_wconf 74' lang='grc'>(4)</span> <span class='ocrx_word' id='word_1_86' title='bbox 1176 1053 1191 1076; x_wconf 88' lang='grc'><em>,</em></span> <span class='ocrx_word' id='word_1_87' title='bbox 1212 1019 1391 1084; x_wconf 87' lang='lat' dir='ltr'>illoque</span> <span class='ocrx_word' id='word_1_88' title='bbox 1409 1018 1561 1065; x_wconf 90' lang='lat' dir='ltr'>adhuc</span> <span class='ocrx_word' id='word_1_89' title='bbox 1581 1019 1785 1066; x_wconf 87' lang='lat' dir='ltr'>inediam</span> 
     </span>
     <span class='ocr_line' id='line_1_13' title="bbox 368 1096 1784 1161; baseline -0.001 -18"><span class='ocrx_word' id='word_1_90' title='bbox 368 1098 635 1154; x_wconf 86' lang='lat' dir='ltr'>retinente,</span> <span class='ocrx_word' id='word_1_91' title='bbox 670 1113 824 1160; x_wconf 86' lang='lat' dir='ltr'>neque</span> <span class='ocrx_word' id='word_1_92' title='bbox 856 1113 1027 1161; x_wconf 89' lang='lat' dir='ltr'>corpus</span> <span class='ocrx_word' id='word_1_93' title='bbox 1054 1096 1192 1144; x_wconf 89' lang='lat' dir='ltr'>aliter</span> <span class='ocrx_word' id='word_1_94' title='bbox 1221 1114 1365 1161; x_wconf 87' lang='lat' dir='ltr'>quam</span> <span class='ocrx_word' id='word_1_95' title='bbox 1394 1097 1635 1144; x_wconf 87' lang='lat' dir='ltr'>rarissimo</span> <span class='ocrx_word' id='word_1_96' title='bbox 1664 1107 1784 1161; x_wconf 88' lang='lat' dir='ltr'>potu</span> 
     </span>
     <span class='ocr_line' id='line_1_14' title="bbox 369 1173 1781 1238; baseline -0.001 -17"><span class='ocrx_word' id='word_1_97' title='bbox 369 1184 688 1231; x_wconf 86' lang='lat' dir='ltr'>sustentante,</span> <span class='ocrx_word' id='word_1_98' title='bbox 725 1174 927 1237; x_wconf 90' lang='lat' dir='ltr'>septimo</span> <span class='ocrx_word' id='word_1_99' title='bbox 958 1183 1213 1238; x_wconf 90' lang='lat' dir='ltr'>postquam</span> <span class='ocrx_word' id='word_1_100' title='bbox 1245 1173 1472 1220; x_wconf 89' lang='lat' dir='ltr'>decubuit</span> <span class='ocrx_word' id='word_1_101' title='bbox 1506 1174 1612 1232; x_wconf 84' lang='lat' dir='ltr'>die,</span> <span class='ocrx_word' id='word_1_102' title='bbox 1655 1191 1781 1220; x_wconf 86' lang='lat' dir='ltr'>sacra</span> 
     </span>
     <span class='ocr_line' id='line_1_15' title="bbox 369 1250 1783 1316; baseline -0.001 -16"><span class='ocrx_word' id='word_1_103' title='bbox 369 1252 708 1300; x_wconf 86' lang='lat' dir='ltr'>communione</span> <span class='ocrx_word' id='word_1_104' title='bbox 726 1261 945 1315; x_wconf 86' lang='lat' dir='ltr'>percepta</span> <span class='ocrx_word' id='word_1_105' title='bbox 958 1287 972 1307; x_wconf 92' lang='lat'><em>‚</em></span> <span class='ocrx_word' id='word_1_106' title='bbox 998 1250 1194 1298; x_wconf 88' lang='lat' dir='ltr'>decessit</span> <span class='ocrx_word' id='word_1_107' title='bbox 1209 1287 1222 1308; x_wconf 91' lang='lat'>,</span> <span class='ocrx_word' id='word_1_108' title='bbox 1244 1269 1372 1299; x_wconf 89' lang='lat' dir='ltr'>anno</span> <span class='ocrx_word' id='word_1_109' title='bbox 1392 1253 1541 1299; x_wconf 86' lang='lat' dir='ltr'>aetatis</span> <span class='ocrx_word' id='word_1_110' title='bbox 1561 1269 1657 1298; x_wconf 85' lang='lat' dir='ltr'>suae</span> <span class='ocrx_word' id='word_1_111' title='bbox 1682 1270 1783 1316; x_wconf 91' lang='lat' dir='ltr'>sep-</span> 
     </span>
     <span class='ocr_line' id='line_1_16' title="bbox 369 1329 1782 1395; baseline 0 -19"><span class='ocrx_word' id='word_1_112' title='bbox 369 1330 627 1394; x_wconf 81' lang='lat' dir='ltr'>tuagesimo</span> <span class='ocrx_word' id='word_1_113' title='bbox 651 1329 883 1385; x_wconf 91' lang='lat' dir='ltr'>secundo,</span> <span class='ocrx_word' id='word_1_114' title='bbox 906 1338 953 1375; x_wconf 92' lang='lat' dir='ltr'>et</span> <span class='ocrx_word' id='word_1_115' title='bbox 978 1346 1035 1375; x_wconf 87' lang='lat' dir='ltr'>ex</span> <span class='ocrx_word' id='word_1_116' title='bbox 1056 1346 1154 1393; x_wconf 81' lang='lat' dir='ltr'>quo</span> <span class='ocrx_word' id='word_1_117' title='bbox 1179 1346 1375 1395; x_wconf 82' lang='lat' dir='ltr'>regnare</span> <span class='ocrx_word' id='word_1_118' title='bbox 1399 1340 1633 1394; x_wconf 88' lang='lat' dir='ltr'>coeperat,</span> <span class='ocrx_word' id='word_1_119' title='bbox 1660 1348 1782 1395; x_wconf 87' lang='lat' dir='ltr'>qua—</span> 
     </span>
     <span class='ocr_line' id='line_1_17' title="bbox 366 1405 1780 1472; baseline -0.001 -18"><span class='ocrx_word' id='word_1_120' title='bbox 366 1407 629 1472; x_wconf 79' lang='lat' dir='ltr'>dragesimo</span> <span class='ocrx_word' id='word_1_121' title='bbox 652 1407 880 1470; x_wconf 87' lang='lat' dir='ltr'>septimo,</span> <span class='ocrx_word' id='word_1_122' title='bbox 909 1422 957 1452; x_wconf 87' lang='lat' dir='ltr'>v.</span> <span class='ocrx_word' id='word_1_123' title='bbox 985 1407 1216 1454; x_wconf 87' lang='lat' dir='ltr'>Kalendas</span> <span class='ocrx_word' id='word_1_124' title='bbox 1250 1405 1495 1455; x_wconf 86' lang='lat' dir='ltr'>Februarii</span> <span class='ocrx_word' id='word_1_125' title='bbox 1526 1408 1626 1471; x_wconf 84' lang='lat'>(5),</span> <span class='ocrx_word' id='word_1_126' title='bbox 1665 1406 1780 1455; x_wconf 87' lang='lat' dir='ltr'>hora</span> 
     </span>
     <span class='ocr_line' id='line_1_18' title="bbox 366 1484 637 1532; baseline 0.004 -1"><span class='ocrx_word' id='word_1_127' title='bbox 366 1485 458 1532; x_wconf 89' lang='lat' dir='ltr'>diei</span> <span class='ocrx_word' id='word_1_128' title='bbox 482 1484 637 1532; x_wconf 88' lang='lat' dir='ltr'>tertia.</span> 
     </span>
    </p>
   </div>
   <div class='ocr_carea' id='block_1_3' title="bbox 360 1637 1777 2244">
    <p class='ocr_par' dir='ltr' id='par_1_3' title="bbox 360 1637 1777 2244">
     <span class='ocr_line' id='line_1_19' title="bbox 427 1637 1776 1702; baseline -0.001 -17"><span class='ocrx_word' id='word_1_129' title='bbox 427 1638 621 1685; x_wconf 84' lang='lat' dir='ltr'><strong>XXXI.</strong></span> <span class='ocrx_word' id='word_1_130' title='bbox 659 1637 843 1701; x_wconf 91' lang='lat' dir='ltr'>Corpus</span> <span class='ocrx_word' id='word_1_131' title='bbox 861 1654 996 1685; x_wconf 87' lang='lat' dir='ltr'>more</span> <span class='ocrx_word' id='word_1_132' title='bbox 1019 1637 1271 1702; x_wconf 89' lang='lat' dir='ltr'>sollempni</span> <span class='ocrx_word' id='word_1_133' title='bbox 1292 1638 1446 1685; x_wconf 87' lang='lat' dir='ltr'>lotum</span> <span class='ocrx_word' id='word_1_134' title='bbox 1463 1648 1511 1685; x_wconf 89' lang='lat' dir='ltr'>et</span> <span class='ocrx_word' id='word_1_135' title='bbox 1530 1648 1747 1684; x_wconf 89' lang='lat' dir='ltr'>curatum</span> <span class='ocrx_word' id='word_1_136' title='bbox 1764 1676 1776 1699; x_wconf 85' lang='lat'><strong><em>‚</em></strong></span> 
     </span>
     <span class='ocr_line' id='line_1_20' title="bbox 365 1715 1777 1780; baseline 0.001 -17"><span class='ocrx_word' id='word_1_137' title='bbox 365 1727 412 1764; x_wconf 90' lang='lat' dir='ltr'>et</span> <span class='ocrx_word' id='word_1_138' title='bbox 430 1716 637 1762; x_wconf 88' lang='lat' dir='ltr'>maximo</span> <span class='ocrx_word' id='word_1_139' title='bbox 660 1715 806 1762; x_wconf 89' lang='lat' dir='ltr'>totius</span> <span class='ocrx_word' id='word_1_140' title='bbox 825 1715 989 1780; x_wconf 89' lang='lat' dir='ltr'>populi</span> <span class='ocrx_word' id='word_1_141' title='bbox 1017 1715 1148 1762; x_wconf 88' lang='lat' dir='ltr'>luctu</span> <span class='ocrx_word' id='word_1_142' title='bbox 1176 1715 1384 1763; x_wconf 78' lang='lat' dir='ltr'>ecclesiae</span> <span class='ocrx_word' id='word_1_143' title='bbox 1412 1715 1613 1762; x_wconf 89' lang='lat' dir='ltr'>inlatum</span> <span class='ocrx_word' id='word_1_144' title='bbox 1635 1725 1777 1780; x_wconf 81' lang='lat' dir='ltr'>atque</span> 
     </span>
     <span class='ocr_line' id='line_1_21' title="bbox 364 1792 1777 1858; baseline 0.001 -17"><span class='ocrx_word' id='word_1_145' title='bbox 364 1795 612 1841; x_wconf 84' lang='lat' dir='ltr'>humatum</span> <span class='ocrx_word' id='word_1_146' title='bbox 633 1804 718 1842; x_wconf 90' lang='lat' dir='ltr'>est.</span> <span class='ocrx_word' id='word_1_147' title='bbox 746 1792 1029 1841; x_wconf 88' lang='lat' dir='ltr'>Dubitatum</span> <span class='ocrx_word' id='word_1_148' title='bbox 1049 1805 1117 1841; x_wconf 89' lang='lat' dir='ltr'>est</span> <span class='ocrx_word' id='word_1_149' title='bbox 1136 1795 1313 1858; x_wconf 83' lang='lat' dir='ltr'>primo,</span> <span class='ocrx_word' id='word_1_150' title='bbox 1338 1794 1418 1840; x_wconf 90' lang='lat' dir='ltr'>ubi</span> <span class='ocrx_word' id='word_1_151' title='bbox 1440 1795 1608 1858; x_wconf 88' lang='lat' dir='ltr'>reponi</span> <span class='ocrx_word' id='word_1_152' title='bbox 1633 1793 1777 1842; x_wconf 89' lang='lat' dir='ltr'>debe-</span> 
     </span>
     <span class='ocr_line' id='line_1_22' title="bbox 363 1870 1774 1936; baseline -0.001 -18"><span class='ocrx_word' id='word_1_153' title='bbox 363 1881 460 1929; x_wconf 85' lang='lat' dir='ltr'>ret,</span> <span class='ocrx_word' id='word_1_154' title='bbox 480 1888 537 1918; x_wconf 90' lang='lat' dir='ltr'>eo</span> <span class='ocrx_word' id='word_1_155' title='bbox 555 1870 684 1936; x_wconf 87' lang='lat' dir='ltr'>quod</span> <span class='ocrx_word' id='word_1_156' title='bbox 704 1871 800 1935; x_wconf 90' lang='lat' dir='ltr'>ipse</span> <span class='ocrx_word' id='word_1_157' title='bbox 819 1871 951 1917; x_wconf 85' lang='lat' dir='ltr'>vivus</span> <span class='ocrx_word' id='word_1_158' title='bbox 974 1871 1030 1918; x_wconf 90' lang='lat' dir='ltr'>de</span> <span class='ocrx_word' id='word_1_159' title='bbox 1056 1871 1147 1918; x_wconf 90' lang='lat' dir='ltr'>hoc</span> <span class='ocrx_word' id='word_1_160' title='bbox 1172 1871 1293 1917; x_wconf 89' lang='lat' dir='ltr'>nihil</span> <span class='ocrx_word' id='word_1_161' title='bbox 1319 1871 1616 1935; x_wconf 86' lang='lat' dir='ltr'>praecepisset</span> <span class='ocrx_word' id='word_1_162' title='bbox 1625 1888 1640 1928; x_wconf 86' lang='lat'>;</span> <span class='ocrx_word' id='word_1_163' title='bbox 1662 1880 1774 1917; x_wconf 80' lang='lat' dir='ltr'>tan—</span> 
     </span>
     <span class='ocr_line' id='line_1_23' title="bbox 360 1947 1774 2012; baseline 0 -18"><span class='ocrx_word' id='word_1_164' title='bbox 360 1949 469 1995; x_wconf 90' lang='lat' dir='ltr'>dem</span> <span class='ocrx_word' id='word_1_165' title='bbox 487 1948 705 1995; x_wconf 91' lang='lat' dir='ltr'>omnium</span> <span class='ocrx_word' id='word_1_166' title='bbox 723 1948 890 1994; x_wconf 90' lang='lat' dir='ltr'>animis</span> <span class='ocrx_word' id='word_1_167' title='bbox 912 1948 1030 1995; x_wconf 88' lang='lat' dir='ltr'>sedit</span> <span class='ocrx_word' id='word_1_168' title='bbox 1044 1949 1134 2012; x_wconf 75' lang='lat'>(6),</span> <span class='ocrx_word' id='word_1_169' title='bbox 1153 1965 1387 2012; x_wconf 87' lang='lat' dir='ltr'>nusquam</span> <span class='ocrx_word' id='word_1_170' title='bbox 1404 1965 1512 1994; x_wconf 87' lang='lat' dir='ltr'>eum</span> <span class='ocrx_word' id='word_1_171' title='bbox 1531 1947 1774 1995; x_wconf 86' lang='lat' dir='ltr'>honestius</span> 
     </span>
     <span class='ocr_line' id='line_1_24' title="bbox 362 2024 1774 2090; baseline 0.001 -19"><span class='ocrx_word' id='word_1_172' title='bbox 362 2024 587 2071; x_wconf 87' lang='lat' dir='ltr'>tumulari</span> <span class='ocrx_word' id='word_1_173' title='bbox 620 2040 779 2088; x_wconf 88' lang='lat' dir='ltr'>posse,</span> <span class='ocrx_word' id='word_1_174' title='bbox 807 2042 950 2089; x_wconf 84' lang='lat' dir='ltr'>quam</span> <span class='ocrx_word' id='word_1_175' title='bbox 977 2026 1025 2071; x_wconf 91' lang='lat' dir='ltr'>in</span> <span class='ocrx_word' id='word_1_176' title='bbox 1050 2043 1100 2073; x_wconf 91' lang='lat' dir='ltr'>ea</span> <span class='ocrx_word' id='word_1_177' title='bbox 1123 2024 1336 2083; x_wconf 86' lang='lat' dir='ltr'>basilica,</span> <span class='ocrx_word' id='word_1_178' title='bbox 1364 2043 1505 2090; x_wconf 87' lang='lat' dir='ltr'>quam</span> <span class='ocrx_word' id='word_1_179' title='bbox 1534 2025 1631 2089; x_wconf 90' lang='lat' dir='ltr'>ipse</span> <span class='ocrx_word' id='word_1_180' title='bbox 1655 2043 1774 2089; x_wconf 90' lang='lat' dir='ltr'>pro-</span> 
     </span>
     <span class='ocr_line' id='line_1_25' title="bbox 360 2102 1773 2166; baseline 0.001 -18"><span class='ocrx_word' id='word_1_181' title='bbox 360 2111 468 2166; x_wconf 85' lang='lat' dir='ltr'>pter</span> <span class='ocrx_word' id='word_1_182' title='bbox 490 2118 699 2148; x_wconf 89' lang='lat' dir='ltr'>amorem</span> <span class='ocrx_word' id='word_1_183' title='bbox 724 2102 807 2149; x_wconf 89' lang='lat' dir='ltr'>Dei</span> <span class='ocrx_word' id='word_1_184' title='bbox 828 2112 875 2149; x_wconf 91' lang='lat' dir='ltr'>et</span> <span class='ocrx_word' id='word_1_185' title='bbox 892 2102 1074 2149; x_wconf 89' lang='lat' dir='ltr'>domini</span> <span class='ocrx_word' id='word_1_186' title='bbox 1100 2103 1251 2149; x_wconf 85' lang='lat' dir='ltr'>nostri</span> <span class='ocrx_word' id='word_1_187' title='bbox 1273 2103 1382 2150; x_wconf 90' lang='lat' dir='ltr'>Jesu</span> <span class='ocrx_word' id='word_1_188' title='bbox 1406 2102 1608 2158; x_wconf 88' lang='lat' dir='ltr'>Christi,</span> <span class='ocrx_word' id='word_1_189' title='bbox 1639 2114 1685 2150; x_wconf 90' lang='lat' dir='ltr'>et</span> <span class='ocrx_word' id='word_1_190' title='bbox 1708 2102 1773 2150; x_wconf 87' lang='lat' dir='ltr'>ob</span> 
     </span>
     <span class='ocr_line' id='line_1_26' title="bbox 360 2177 1767 2244; baseline 0.001 -19"><span class='ocrx_word' id='word_1_191' title='bbox 360 2177 595 2226; x_wconf 86' lang='lat' dir='ltr'>honorem</span> <span class='ocrx_word' id='word_1_192' title='bbox 618 2188 789 2224; x_wconf 85' lang='lat' dir='ltr'>sanctae</span> <span class='ocrx_word' id='word_1_193' title='bbox 817 2187 864 2225; x_wconf 86' lang='lat' dir='ltr'>et</span> <span class='ocrx_word' id='word_1_194' title='bbox 891 2189 1083 2226; x_wconf 83' lang='lat' dir='ltr'>aeternae</span> <span class='ocrx_word' id='word_1_195' title='bbox 1110 2179 1349 2243; x_wconf 77' lang='lat' dir='ltr'>Virginis,</span> <span class='ocrx_word' id='word_1_196' title='bbox 1380 2180 1621 2244; x_wconf 84' lang='lat' dir='ltr'>genitricis</span> <span class='ocrx_word' id='word_1_197' title='bbox 1645 2181 1767 2243; x_wconf 80' lang='lat' dir='ltr'>ejus,</span> 
     </span>
    </p>
   </div>
   <div class='ocr_carea' id='block_1_4' title="bbox 579 2301 1696 2315">
    <p class='ocr_par' dir='ltr' id='par_1_4' title="bbox 579 2301 1696 2315">
     <span class='ocr_line' id='line_1_27' title="bbox 579 2301 1696 2315; baseline 0 0"><span class='ocrx_word' id='word_1_198' title='bbox 579 2301 1696 2315; x_wconf 95' lang='lat' dir='ltr'> </span> 
     </span>
    </p>
   </div>
   <div class='ocr_carea' id='block_1_5' title="bbox 403 2372 1653 2653">
    <p class='ocr_par' dir='ltr' id='par_1_5' title="bbox 404 2372 1280 2419">
     <span class='ocr_line' id='line_1_28' title="bbox 404 2372 1280 2419; baseline -0.007 -11"><span class='ocrx_word' id='word_1_199' title='bbox 404 2375 454 2419; x_wconf 92' lang='lat'>(1)</span> <span class='ocrx_word' id='word_1_200' title='bbox 480 2372 570 2408; x_wconf 89' lang='lat' dir='ltr'>Cod.</span> <span class='ocrx_word' id='word_1_201' title='bbox 591 2373 739 2407; x_wconf 87' lang='lat' dir='ltr'>Cotton.</span> <span class='ocrx_word' id='word_1_202' title='bbox 763 2373 865 2417; x_wconf 88' lang='lat' dir='ltr'>(Tib.</span> <span class='ocrx_word' id='word_1_203' title='bbox 889 2374 997 2416; x_wconf 83' lang='lat' dir='ltr'>c.x1.)</span> <span class='ocrx_word' id='word_1_204' title='bbox 1019 2387 1025 2405; x_wconf 75' lang='grc' dir='ltr'>ι</span> <span class='ocrx_word' id='word_1_205' title='bbox 1048 2372 1280 2406; x_wconf 77' lang='lat' dir='ltr'>hiemaverat.</span> 
     </span>
    </p>

    <p class='ocr_par' dir='ltr' id='par_1_6' title="bbox 404 2428 1362 2477">
     <span class='ocr_line' id='line_1_29' title="bbox 404 2428 1362 2477; baseline -0.004 -11"><span class='ocrx_word' id='word_1_206' title='bbox 404 2432 454 2477; x_wconf 78' lang='lat'>(¹2)</span> <span class='ocrx_word' id='word_1_207' title='bbox 478 2429 595 2466; x_wconf 83' lang='lat' dir='ltr'>Codd.</span> <span class='ocrx_word' id='word_1_208' title='bbox 618 2429 828 2465; x_wconf 74' lang='lat' dir='ltr'>vindobon.</span> <span class='ocrx_word' id='word_1_209' title='bbox 850 2442 895 2477; x_wconf 89' lang='grc' dir='ltr'>9ο</span> <span class='ocrx_word' id='word_1_210' title='bbox 913 2437 950 2466; x_wconf 88' lang='lat' dir='ltr'>et</span> <span class='ocrx_word' id='word_1_211' title='bbox 967 2429 1180 2464; x_wconf 86' lang='lat' dir='ltr'>Zwetlensis</span> <span class='ocrx_word' id='word_1_212' title='bbox 1198 2445 1204 2463; x_wconf 66' lang='grc' dir='ltr'>ς</span> <span class='ocrx_word' id='word_1_213' title='bbox 1228 2431 1263 2463; x_wconf 79' lang='lat' dir='ltr'>in</span> <span class='ocrx_word' id='word_1_214' title='bbox 1284 2428 1362 2462; x_wconf 78' lang='lat' dir='ltr'>hac.</span> 
     </span>
    </p>

    <p class='ocr_par' dir='ltr' id='par_1_7' title="bbox 403 2489 751 2535">
     <span class='ocr_line' id='line_1_30' title="bbox 403 2489 751 2535; baseline -0.009 -10"><span class='ocrx_word' id='word_1_215' title='bbox 403 2489 453 2534; x_wconf 73' lang='grc'>(5)</span> <span class='ocrx_word' id='word_1_216' title='bbox 479 2491 501 2524; x_wconf 87' lang='lat' dir='ltr'>i.</span> <span class='ocrx_word' id='word_1_217' title='bbox 522 2502 554 2524; x_wconf 86' lang='lat' dir='ltr'>e.</span> <span class='ocrx_word' id='word_1_218' title='bbox 573 2491 751 2535; x_wconf 64' lang='grc' dir='ltr'>πλευρῖτιν.</span> 
     </span>
    </p>

    <p class='ocr_par' dir='ltr' id='par_1_8' title="bbox 403 2546 1653 2653">
     <span class='ocr_line' id='line_1_31' title="bbox 403 2546 1653 2595; baseline -0.003 -13"><span class='ocrx_word' id='word_1_219' title='bbox 403 2550 452 2592; x_wconf 71' lang='grc'>(4)</span> <span class='ocrx_word' id='word_1_220' title='bbox 478 2547 596 2582; x_wconf 90' lang='lat' dir='ltr'>Codd.</span> <span class='ocrx_word' id='word_1_221' title='bbox 617 2549 708 2595; x_wconf 73' lang='lat' dir='ltr'>Reg.</span> <span class='ocrx_word' id='word_1_222' title='bbox 731 2548 810 2581; x_wconf 79' lang='lat' dir='ltr'>Par.</span> <span class='ocrx_word' id='word_1_223' title='bbox 830 2546 922 2594; x_wconf 77' lang='grc'><em>5945</em></span> <span class='ocrx_word' id='word_1_224' title='bbox 941 2554 977 2581; x_wconf 90' lang='lat' dir='ltr'>et</span> <span class='ocrx_word' id='word_1_225' title='bbox 992 2546 1085 2594; x_wconf 82' lang='lat'>5999</span> <span class='ocrx_word' id='word_1_226' title='bbox 1101 2553 1136 2581; x_wconf 87' lang='lat' dir='ltr'>et</span> <span class='ocrx_word' id='word_1_227' title='bbox 1157 2546 1318 2580; x_wconf 82' lang='lat' dir='ltr'>Nuenar.</span> <span class='ocrx_word' id='word_1_228' title='bbox 1338 2557 1457 2579; x_wconf 81' lang='lat' dir='ltr'>comcs</span> <span class='ocrx_word' id='word_1_229' title='bbox 1480 2560 1485 2578; x_wconf 81' lang='lat' dir='ltr'><em>z</em></span> <span class='ocrx_word' id='word_1_230' title='bbox 1507 2553 1653 2581; x_wconf 72' lang='lat' dir='ltr'>vocam.</span> 
     </span>
     <span class='ocr_line' id='line_1_32' title="bbox 404 2604 1498 2653; baseline -0.002 -13"><span class='ocrx_word' id='word_1_231' title='bbox 404 2605 454 2648; x_wconf 80' lang='lat'>(5)</span> <span class='ocrx_word' id='word_1_232' title='bbox 480 2606 569 2639; x_wconf 83' lang='lat' dir='ltr'>Cod.</span> <span class='ocrx_word' id='word_1_233' title='bbox 587 2606 765 2640; x_wconf 77' lang='lat' dir='ltr'>Christin.</span> <span class='ocrx_word' id='word_1_234' title='bbox 788 2605 920 2651; x_wconf 71' lang='lat' dir='ltr'>Regin.</span> <span class='ocrx_word' id='word_1_235' title='bbox 937 2605 1004 2653; x_wconf 73' lang='lat'>69⁶2</span> <span class='ocrx_word' id='word_1_236' title='bbox 1026 2621 1031 2638; x_wconf 89' lang='lat'>:</span> <span class='ocrx_word' id='word_1_237' title='bbox 1054 2605 1249 2640; x_wconf 75' lang='lat' dir='ltr'>Kalendas</span> <span class='ocrx_word' id='word_1_238' title='bbox 1267 2604 1498 2640; x_wconf 68' lang='lat' dir='ltr'>Febroar’ifts.</span> 
     </span>
    </p>
   </div>
   <div class='ocr_carea' id='block_1_6' title="bbox 404 2666 1415 2711">
    <p class='ocr_par' dir='ltr' id='par_1_9' title="bbox 404 2666 1415 2711">
     <span class='ocr_line' id='line_1_33' title="bbox 404 2666 1415 2711; baseline -0.001 -10"><span class='ocrx_word' id='word_1_239' title='bbox 404 2668 452 2711; x_wconf 81' lang='lat'>(6)</span> <span class='ocrx_word' id='word_1_240' title='bbox 477 2668 593 2703; x_wconf 84' lang='lat' dir='ltr'>Codd.</span> <span class='ocrx_word' id='word_1_241' title='bbox 620 2669 827 2705; x_wconf 59' lang='lat' dir='ltr'>Yindo&#39;non.</span> <span class='ocrx_word' id='word_1_242' title='bbox 851 2667 917 2703; x_wconf 78' lang='lat'>538</span> <span class='ocrx_word' id='word_1_243' title='bbox 943 2676 980 2703; x_wconf 84' lang='lat' dir='ltr'>et</span> <span class='ocrx_word' id='word_1_244' title='bbox 1007 2668 1220 2704; x_wconf 80' lang='lat' dir='ltr'>Zwetlcnsis</span> <span class='ocrx_word' id='word_1_245' title='bbox 1244 2684 1248 2700; x_wconf 74' lang='grc' dir='ltr'><em>τ</em></span> <span class='ocrx_word' id='word_1_246' title='bbox 1272 2666 1415 2702; x_wconf 74' lang='lat' dir='ltr'>insedil.</span> 
     </span>
    </p>
   </div>
  </div>
 </body>
</html>
