1924 3183
391 169 464 206 264
973 169 1217 209 RARoLUs.

972 302 1195 347 DCCCVI
1208 339 1217 347 .

454 406 622 452 Statim
642 415 750 470 post
767 407 978 454 Natalem
1003 408 1197 454 Domini
1221 420 1457 455 venerunt
1474 410 1704 457 Willerus
1730 413 1799 475 (ι)

388 494 434 530 et
456 483 651 540 Beatus,
678 483 817 531 duces
836 485 1049 531 Venetiae
1069 521 1080 539 ‚
1114 503 1303 533 necnon
1329 497 1376 533 et
1405 487 1574 534 Paulus
1602 488 1696 534 dux
1727 491 1802 535 Ja-

386 560 510 607 derae
527 597 538 616 ,
583 572 723 626 atque
765 565 978 609 Donatus
1027 562 1233 625 ejusdem
1280 564 1482 610 civitatis
1528 565 1800 629 episcopus,

387 638 524 701 legati
557 638 906 697 Dalmatarum,
938 640 993 685 ad
1026 641 1328 704 praesentiam
1366 642 1662 706 imperatoris
1695 661 1802 689 cum

385 716 567 780 magnis
587 716 741 763 donis.
767 719 828 763 Et
846 717 964 763 facta
987 729 1056 764 est
1081 717 1143 763 ibi
1166 718 1408 767 ordinatio
1429 718 1490 764 ab
1519 720 1805 783 imperatore

385 793 443 840 de
468 792 667 840 ducibus
697 804 744 840 et
778 794 964 858 populis
1002 805 1096 840 tam
1120 794 1336 842 Venetiae
1369 814 1511 861 quam
1539 797 1800 843 Dalmatiae.

385 870 579 934 Illisque
609 870 862 927 absolutis,
893 883 1183 918 conventum
1211 872 1374 919 habuit.
1409 874 1667 937 imperator
1695 891 1803 920 cum

383 948 676 1011 primoribus
699 960 745 995 et
770 948 1080 1012 optimatibus
1100 951 1396 998 Francorum
1419 951 1475 998 de
1499 969 1611 1016 pace
1633 952 1807 998 consti-

386 1026 556 1073 tuenda
593 1037 639 1074 et
668 1027 988 1074 conservanda
1024 1028 1149 1075 inter
1178 1028 1300 1075 filios
1331 1046 1468 1086 suos,
1503 1039 1549 1076 et
1577 1029 1808 1076 divisione

386 1105 520 1170 regni
548 1104 759 1152 facienda
794 1107 841 1151 in
880 1116 972 1152 tres
1003 1117 1188 1169 partes,
1222 1116 1277 1151 ut
1308 1106 1449 1153 sciret
1483 1107 1808 1171 unusquisque

388 1183 610 1240 illorum,
641 1201 782 1248 quam
822 1193 1006 1247 partem
1038 1185 1159 1229 tueri
1197 1193 1244 1230 et
1277 1201 1437 1248 regere
1468 1183 1729 1239 debuisset,
1767 1185 1803 1229 si

387 1271 618 1324 superstes
654 1261 721 1306 illi
759 1260 1020 1307 deveniret.
1059 1261 1126 1307 De
1167 1260 1251 1307 hac
1286 1262 1545 1325 partitione
1580 1271 1626 1308 et
1661 1271 1805 1308 testa-

387 1349 608 1385 mentum
630 1338 836 1398 factum,
859 1349 906 1386 et
927 1339 1236 1402 jurejurando
1260 1338 1317 1384 ab
1336 1338 1644 1403 optimatibus
1663 1340 1810 1385 Fran-

388 1433 556 1462 corum
579 1416 918 1462 confirmatum
934 1452 945 1472 ,
974 1427 1020 1462 et
1045 1416 1430 1473 constitutiones,
1457 1417 1582 1480 pacis
1611 1433 1807 1463 conser-

388 1492 554 1539 vandae
579 1511 731 1550 causa,
759 1493 912 1548 factae,
936 1505 1077 1558 atque
1094 1493 1195 1540 haec
1214 1495 1375 1541 omnia
1395 1494 1566 1540 litteris
1590 1493 1805 1540 mandata

389 1580 527 1624 sunt,
556 1581 602 1616 et
630 1571 775 1616 Leoni
806 1588 960 1634 papae,
997 1581 1050 1616 ut
1083 1570 1153 1616 his
1181 1588 1259 1616 sua
1292 1588 1435 1616 manu
1460 1570 1802 1627 subscriberet,

390 1663 475 1709 per
499 1645 793 1692 Einhardum
823 1648 893 1710 (2)
922 1648 1076 1693 missa.
1117 1646 1302 1706 Quibus
1326 1646 1543 1710 pontifex
1571 1647 1728 1703 lectis,
1759 1659 1805 1693 et

392 1741 628 1770 assensum
657 1723 889 1787 praebuit,
919 1735 965 1771 et
989 1724 1179 1788 propria
1215 1742 1360 1770 manu
1392 1723 1685 1788 subscripsit.
1719 1726 1808 1770 Im-

391 1812 603 1864 perator,
634 1802 828 1849 dimisso
856 1814 1063 1866 utroque
1089 1801 1190 1849 filio
1221 1803 1267 1848 in
1288 1819 1491 1866 regnum
1507 1801 1596 1848 sibi
1616 1802 1809 1865 deputa-

392 1887 513 1933 tum,
536 1879 739 1942 Pippino
755 1879 932 1925 scilicet
948 1890 994 1926 et
1010 1878 1312 1933 Hludowico,
1330 1878 1386 1924 de
1406 1878 1514 1924 villa
1534 1877 1808 1926 Theodonis

389 1973 476 2018 per
500 1956 745 2003 Mosellam
773 1968 819 2003 et
852 1958 1064 2003 Hrenum
1091 1956 1290 2002 secunda
1314 1973 1431 2020 aqua
1457 1955 1806 2020 Noviomagum

391 2032 657 2096 navigavit,
695 2033 856 2098 ibique
889 2045 1103 2079 sanctum
1137 2031 1543 2096 Quadragesimale
1568 2034 1804 2097 jejunium

390 2120 436 2155 et
450 2111 805 2156 sacratissimam
822 2110 1007 2157 Paschae
1025 2111 1324 2157 festivitatem
1336 2109 1608 2156 celebravit.
1621 2112 1683 2156 Et
1697 2110 1806 2157 inde

438 2276 487 2320 (1)
514 2275 568 2309 Ita
576 2274 687 2309 habet
695 2274 889 2308 Freherus.
903 2295 942 2298 -—
954 2274 1073 2307 Nuen.
1088 2284 1207 2307 comes
1220 2288 1225 2306 z
1244 2272 1445 2307 lVillzarius
1456 2289 1464 2313 ,⁴
1475 2273 1580 2306 Pertz
1591 2278 1627 2306 et
1636 2272 1676 2306 D.
1688 2272 1801 2319 Bouq.

391 2333 451 2366 hic
472 2333 605 2367 Villerz·
624 2340 660 2367 et
679 2333 771 2367 insi-a
791 2332 850 2377 (ad
870 2345 954 2366 ann.
974 2332 1056 2378 809)
1080 2332 1326 2366 le'lharenus.

438 2394 487 2439 (2)
514 2395 566 2428 Ita
587 2394 724 2428 habent
746 2393 852 2427 codd.
876 2392 1087 2427 Vindobon.
1108 2391 1195 2435 654,
1218 2392 1310 2438 Reg.
1330 2392 1446 2425 Paris.
1470 2389 1581 2438 5924,
1607 2390 1802 2425 Hannove-

390 2467 468 2488 ran.
490 2462 526 2488 et
544 2455 707 2489 Freheri.
728 2475 766 2478 -Δ
786 2453 877 2488 Cod.
900 2453 1042 2487 Trcvir.
1063 2451 1328 2491 Heinlm‘dnm;
1342 2451 1504 2485 Nuenar.
1521 2461 1640 2484 comes
1658 2466 1663 2483 ς
1681 2451 1803 2497 Egin-

390 2513 559 2548 bardum.
584 2535 623 2539 ——
644 2514 717 2547 Per
742 2512 979 2548 Einhardtmz
1008 2512 1107 2547 deest
1133 2512 1230 2558 apud
1253 2511 1334 2546 eod.
1361 2509 1576 2546 Vindobon.
1606 2522 1682 2543 110.
1711 2510 1800 2545 Cod.

391 2572 605 2607 ‘Vindobon.
632 2584 722 2619 990,
753 2573 818 2606 has
846 2571 934 2605 duas
961 2584 1064 2606 voces
1092 2571 1184 2605 male
1211 2572 1247 2605 in
1276 2582 1384 2604 unam
1412 2568 1651 2611 comrahmss,
1682 2569 1770 2615 legit
1794 2586 1798 2602 ·.

392 2632 665 2666 Pcrm'mrdum.
682 2631 857 2666 —Cod‹l.
880 2631 1009 2666 Annal.
1028 2632 1178 2665 lauriss.
1203 2648 1206 2650 ·
1235 2630 1455 2665 lsinardum⁴
1480 2628 1745 2663 [Ict'uleartlunt.
1762 2650 1797 2654 w

395 2690 618 2724 llm'uamlmn
640 2704 694 2737 ap.
725 2691 844 2725 Xnnal.
868 2692 1000 2725 Berlin,
