2043 3193
547 172 592 207 16
877 165 1000 203 VITA
1031 165 1220 203 KAROLI
1258 162 1616 201 IMPERATORIS.

543 270 614 299 res
648 262 795 317 gestas
829 262 874 299 et
905 251 1033 298 domi
1071 261 1116 297 et
1147 251 1261 297 foris
1281 285 1292 305 ,
1332 248 1500 295 deinde
1533 265 1687 295 mores
1719 258 1765 295 et
1800 248 1949 295 studia

543 331 637 392 ejus
654 365 665 385 ,
694 340 796 375 tum
817 329 874 375 de
899 329 1030 393 regni
1057 327 1483 374 amministratione
1507 335 1555 372 et
1575 325 1669 373 fine
1688 326 1949 382 narrando,

544 406 663 454 nihil
686 407 743 455 de
772 406 842 453 his
873 424 979 472 quae
1005 407 1201 471 cognitu
1230 406 1304 468 (1)
1335 404 1407 451 vel
1433 403 1572 469 digna
1597 403 1669 451 vel
1698 404 1952 452 necessaria

543 495 678 542 sunt,
706 485 1071 549 praetermittam
1091 484 1181 546 (2).

609 1023 668 1071 V.
707 1023 936 1070 Omnium
954 1022 1025 1085 (ὅ)
1046 1020 1287 1068 bellorum
1311 1037 1419 1085 quae
1441 1020 1607 1084 gessit,
1630 1020 1788 1083 primo
1806 1020 1958 1085 Aqui-

547 1103 757 1148 tanicum
770 1136 782 1157 ,
823 1118 845 1145 a
881 1110 1015 1163 patre
1053 1098 1331 1145 inchoatum
1369 1096 1447 1144 sed
1485 1095 1702 1144 nondum
1733 1096 1924 1144 finitum
1941 1134 1954 1154 ‚

544 1180 653 1245 quia
670 1180 766 1226 cito
782 1179 938 1242 peragi
959 1194 1093 1241 posse
1113 1175 1361 1223 videbatur
1376 1176 1444 1239 (4)
1455 1211 1471 1234 ,
1491 1175 1638 1223 fratre
1657 1176 1808 1223 adhuc
1826 1177 1954 1232 vivo,

544 1257 686 1303 etiam
706 1265 752 1302 et
774 1255 1003 1301 auxilium
1024 1253 1150 1300 serre
1171 1263 1338 1317 rogato
1356 1287 1369 1308 ‚
1396 1253 1601 1316 suscepit
1612 1272 1626 1310 ;
1654 1263 1701 1300 et
1717 1252 1827 1300 licet
1847 1270 1957 1300 eum

542 1331 691 1378 frater
719 1331 955 1394 promisso
977 1329 1249 1376 frustrasset
1271 1329 1474 1387 auxilio,
1501 1339 1767 1393 susceptam
1784 1332 1800 1387 ζ
1804 1330 1852 1390 5)
1876 1347 1960 1376 ex-

543 1407 835 1471 peditionem
861 1405 1183 1452 strenuissime
1201 1414 1471 1462 exsecutUS‚
1493 1422 1593 1452 non
1612 1406 1744 1469 prius
1767 1406 1957 1470 incepto

542 1485 764 1532 desistere
781 1494 861 1529 aut
881 1482 1022 1529 semel
1040 1493 1257 1547 suscepto
1273 1481 1425 1530 labori
1445 1482 1607 1531 cedere
1623 1483 1796 1541 voluit,
1815 1501 1957 1549 quam

545 1563 635 1610 hoc
665 1562 795 1627 quod
828 1561 1006 1608 efficere
1032 1559 1338 1618 moliebatur,
1376 1561 1722 1624 perseverantia
1756 1561 1958 1626 quadam

544 1657 596 1687 ac
614 1640 816 1704 jugitate
839 1638 1055 1703 perfecto
1076 1638 1172 1686 fine
1197 1638 1518 1686 concluderet.
1547 1639 1668 1685 Nam
1690 1649 1738 1686 et
1763 1639 1957 1686 Hunol-

543 1716 658 1763 dum
685 1718 785 1780 (6),
814 1717 895 1782 qui
928 1727 1036 1781 post
1062 1716 1284 1764 VVaifarii
1315 1717 1383 1780 (7)
1414 1726 1620 1763 mortem
1651 1716 1956 1781 Aquitaniam

543 1811 774 1859 occupare
825 1794 1100 1859 bellumque
1138 1796 1238 1857 jam
1287 1811 1408 1858 pene
1453 1805 1698 1858 peractum
1738 1811 1955 1858 reparare

542 1883 869 1937 temptaverat,
891 1872 1196 1937 Aquitaniam
1216 1871 1486 1936 relinquere
1503 1883 1549 1918 et
1563 1872 1874 1918 Wasconiam
1889 1874 1955 1935 (8)

589 2072 600 2114 ζ
608 2074 637 2116 1)
663 2071 754 2106 Cod.
774 2070 974 2105 Florentia.
996 2070 1160 2113 condita,
1181 2071 1246 2104 vel
1263 2070 1409 2117 digesta
1427 2072 1490 2105 vel
1502 2073 1719 2105 necessaria

591 2131 640 2174 (2)
665 2129 756 2164 Cod.
788 2129 879 2163 Bibl.
907 2130 995 2164 Caes.
1025 2129 1238 2164 Vindobon.
1263 2141 1357 2177 990:
1459 2132 1751 2176 proetermittam.
1782 2130 1952 2176 Explicit

544 2189 734 2235 prologus,
762 2189 896 2234 Incipit
915 2188 1008 2222 liber
1024 2190 1165 2235 primus
1187 2188 1232 2222 de
1253 2190 1585 2224 amministracione
1604 2191 1711 2236 regni
1726 2195 1761 2223 et
1768 2190 1852 2236 fine
1871 2189 1908 2222 K
1910 2201 1952 2223 a—

545 2248 624 2281 roli.
660 2247 885 2281 Omnium....
906 2268 950 2273 —
968 2247 1059 2282 Cod.
1078 2247 1256 2282 Christin.
1287 2247 1417 2293 Regin.
1435 2246 1501 2295 637
1522 2266 1524 2269 v
1559 2248 1626 2282 Hic
1651 2255 1705 2282 est
1721 2261 1810 2292 pars
1833 2250 1951 2293 prima

544 2310 579 2340 m
599 2319 672 2352 qua
687 2306 731 2340 de
752 2306 858 2341 bellis
875 2308 1011 2353 agitur.

587 2364 636 2411 (5)
662 2366 718 2402 Cf.
739 2366 887 2401 Sueton.
908 2368 1065 2413 August.
1085 2378 1160 2412 cap.
1185 2380 1235 2399 ιο.

590 2429 642 2469 (ᾗ)
667 2426 827 2460 Nuenar.
848 2438 967 2461 comes
985 2443 989 2459 :
1012 2426 1226 2471 putabatur.

591 2484 639 2529 ¹5)
665 2486 709 2519 D.
732 2486 897 2532 Bouquet
914 2493 949 2520 et
966 2486 1185 2521 Schmincke
1203 2502 1207 2517 t
1233 2492 1438 2530 susceptam
1459 2492 1588 2519 tamen.

592 2545 638 2588 Ὃ)
666 2545 733 2578 All.
759 2546 960 2587 Unaldzmz,
982 2545 1222 2587 Humoldum,
1248 2544 1473 2579 ΗιιηιῑῑίαίινηΔ

591 2604 639 2648 (7)
666 2604 734 2637 All.
763 2605 809 2637 W
808 2605 981 2650 aipluzrii,
1011 2605 1195 2651 Gczqfariz'.

590 2662 636 2697 1²8·
664 2661 752 2695 cod,
776 2663 864 2707 Reg.
890 2665 966 2698 Par.
988 2664 1077 2711 5927
1102 2682 1104 2685 >
1136 2667 1392 2700 Gumcom'am.
