1924 3183
428 172 506 206 ‘200
1014 168 1261 206 KAROLUS.

430 256 513 301 tris
535 254 700 318 positis
724 253 961 310 consedit,
992 254 1100 300 inde
1122 253 1304 300 bellum
1327 263 1541 317 gesturus
1559 256 1646 318 (1),
1663 256 1714 302 ni
1737 274 1839 306 me-

427 342 638 379 moratus
666 330 762 377 dux
787 331 1107 379 intentionem
1137 331 1258 395 regis
1293 330 1468 377 salubri
1496 332 1695 380 consilio
1717 351 1840 398 prae-

428 410 646 456 venisset.
691 409 811 455 Nam
852 410 1016 457 relicta
1056 414 1349 466 Benevento,
1398 427 1507 474 quae
1544 421 1684 474 caput
1719 412 1841 460 illius

429 497 569 534 terrae
593 486 823 547 habetur,
854 488 903 534 in
938 488 1214 546 Salernum,
1250 487 1538 534 maritimam
1576 488 1839 547 civitatem,

427 566 557 612 velut
577 567 906 623 munitiorem,
926 584 973 613 se
992 583 1101 612 cum
1115 566 1209 611 suis
1230 565 1456 623 contulit,
1479 566 1711 631 missaque
1728 566 1843 632 lega-

428 644 584 701 tione,
613 654 841 709 utrosque
872 644 996 690 filios
1019 660 1126 690 suos
1161 644 1261 708 regi
1286 642 1489 699 obtulit,
1528 644 1840 708 promittens,

427 740 474 769 se
497 723 555 770 ad
577 723 737 769 omnia
763 740 871 787 quae
907 723 1259 786 imperarentur
1283 720 1489 769 libenter
1517 721 1840 769 obediturum.

425 800 568 864 Cujus
591 800 810 865 precibus
834 817 917 847 rex
942 817 1183 857 annuens,
1210 799 1358 846 divini
1388 801 1530 846 etiam
1554 801 1741 847 timoris
1765 818 1844 848 re-

426 888 606 941 spectu,
634 876 762 924 bello
787 876 1045 934 abstinuit,
1069 887 1115 924 et
1140 878 1329 924 minore
1349 877 1481 924 ducis
1500 877 1625 936 filio,
1651 879 1846 925 nomine

426 954 732 1012 Grimoaldo,
779 954 1019 1002 obsidatus
1055 954 1200 1018 gratia
1228 956 1302 1018 (2)
1339 966 1579 1019 suscepto,
1622 958 1848 1019 maj0rem

426 1032 549 1096 patri
578 1032 779 1078 remisit.
809 1031 1009 1094 Accepit
1029 1032 1224 1095 insuper
1247 1049 1271 1076 a
1289 1031 1472 1096 populo
1491 1030 1676 1078 obsides
1696 1032 1849 1079 unde-

428 1110 546 1166 cim,
573 1110 799 1174 misitque
821 1109 998 1172 legatos
1012 1145 1026 1166 ,
1050 1109 1132 1173 qui
1158 1119 1205 1156 et
1230 1110 1386 1173 ipsum
1407 1109 1576 1156 ducem
1591 1120 1638 1156 et
1656 1127 1848 1157 omnem

427 1189 813 1234 Beneventanum
829 1186 1063 1250 populum
1078 1203 1163 1249 per
1188 1197 1477 1234 sacramenta
1496 1187 1743 1234 firmarent
1763 1189 1845 1251 (3).

427 1265 529 1328 Ipse
543 1275 652 1328 post
670 1263 772 1311 haec
797 1281 905 1309 cum
923 1264 1086 1328 legatis
1105 1264 1407 1310 Constantini
1426 1265 1748 1328 imperatoris,
1765 1267 1847 1330 qui

427 1351 627 1404 propter
661 1340 915 1404 petendam
946 1340 1094 1386 filiam
1132 1357 1262 1386 suam
1302 1340 1357 1386 acl
1393 1358 1440 1388 se
1469 1341 1596 1387 missi
1630 1341 1846 1400 fuerant,
1876 1385 1879 1387 ,

429 1417 616 1464 locutus
657 1429 749 1475 est,
801 1428 941 1483 atque
982 1417 1074 1463 illis
1128 1417 1329 1464 dimissis
1370 1419 1572 1466 Romam
1608 1436 1846 1476 reversus,

429 1505 647 1542 sanctum
664 1494 881 1542 Paschale
898 1494 1074 1542 festum
1095 1495 1166 1558 (4)
1197 1513 1362 1560 magna
1389 1513 1498 1542 cum
1520 1494 1754 1544 hilaritate
1773 1514 1849 1543 ceua

431 1570 647 1620 lebravit,

927 1872 1345 1921 DCCLXXXVII.

498 1980 618 2024 Cum
638 1996 720 2025 rex
749 1978 900 2025 adhuc
923 1981 1089 2027 Romae
1109 1989 1267 2043 ageret
1287 1979 1356 2042 (ὅ)
1369 2014 1382 2035 ,
1412 1979 1591 2025 Tassilo
1606 2014 1618 2035 ,
1645 1978 1741 2025 dux
1764 1978 1847 2024 Ba-

427 2058 593 2119 joariae
606 2093 618 2113 ,
641 2058 770 2103 misit
786 2058 960 2122 legatos
983 2074 1114 2115 suos,
1134 2058 1321 2104 Arnum
1341 2056 1558 2104 videlicet
1576 2057 1846 2121 episcopum

435 2146 481 2181 ct
504 2136 771 2182 Hunricum
795 2137 862 2199 (6)
901 2135 1121 2183 abbatem
1138 2172 1151 2192 ,
1190 2137 1247 2182 ad
1271 2135 1533 2182 Adrianum
1555 2153 1748 2200 papam,
1775 2152 1849 2199 pe-

482 2329 530 2373 (1)
556 2329 600 2361 D.
616 2329 731 2375 Bouq.
746 2340 829 2362 cum
846 2328 1007 2363 Nuenar.
1029 2340 1123 2362 com.
1141 2327 1276 2361 bellum
1290 2339 1546 2373 aggressurus.

482 2388 530 2432 (2)
556 2387 601 2422 D.
622 2387 736 2434 Bouq.
753 2399 837 2421 cum
857 2386 1018 2421 Nuenar.
1041 2399 1137 2421 com.
1154 2385 1294 2420 obsidis
1314 2386 1403 2420 loco.

481 2444 530 2491 (5)
557 2445 625 2480 Iid.
646 2446 929 2492 obstringerent.

482 2506 531 2550 (4)
558 2506 625 2540 lid.
647 2513 814 2541 sanctum
828 2506 988 2541 Pascha.

481 2563 531 2609 (5)
559 2565 600 2599 D.
628 2566 744 2613 Bouq.
772 2578 854 2600 cum
882 2566 1045 2601 Nuenar.
1074 2565 1206 2599 comite
1226 2570 1262 2598 ct
1282 2564 1388 2598 codd.
1412 2564 1550 2598 Trevnv.
1578 2569 1613 2598 et
1634 2562 1840 2600 vindobon.

445 2637 502 2656 »10
524 2641 526 2643 ·
553 2632 656 2659 esset.
678 2626 768 2660 Cod.
790 2626 954 2663 Vindoh.
977 2638 1045 2673 990
1067 2643 1069 2645 v
1089 2631 1333 2670 permaneret.

482 2683 529 2715 (61
557 2685 625 2719 All.
652 2685 891 2731 Hnmv‘clzum,
916 2686 1140 2728 Heinrzcmn,
1163 2685 1387 2721 Hm‘mw'cum
