1924 3183
380 144 457 180 318
898 141 1272 181 HLUDOWICUS.

382 230 430 274 in
442 245 491 274 ea
504 237 645 291 gente
656 225 832 274 rebelle
844 227 1112 286 videbatur,
1127 228 1422 292 subjectione
1431 232 1678 294 promissa,
1694 250 1801 281 con-

379 306 580 370 quievit.
606 305 890 363 WasconeS,
915 307 996 370 qui
1015 315 1146 352 trans
1163 306 1439 353 Garonnam
1463 318 1511 355 et
1529 308 1651 355 circa
1666 311 1801 375 Pyri-

379 402 525 431 neum
539 393 755 430 montem
770 382 1004 441 habitant,
1021 394 1221 448 propter
1234 383 1474 431 sublatum
1484 385 1653 433 ducem
1664 404 1804 434 suum

380 462 579 508 nomine
608 461 888 526 Sigiwinum
915 462 1009 525 (1),
1050 479 1191 526 quem
1224 463 1484 526 imperator
1516 463 1580 511 ob
1605 465 1805 511 nimiam

382 541 479 603 ejus
501 539 805 586 insolentiam
825 556 877 585 ac
896 556 1088 585 morum
1103 540 1386 603 pravitatem
1407 540 1516 588 inde
1532 541 1802 598 sustulerat,

383 617 521 664 solita
539 617 729 664 levitate
747 617 997 673 commoti,
1021 617 1352 680 conjuratione
1368 617 1509 675 facta,
1531 619 1806 665 omnimoda

384 693 652 742 defectione
673 694 1003 750 desciverunt3
1031 694 1110 740 sed
1132 693 1314 740 duabus
1338 693 1719 758 expeditionibus
1744 695 1808 741 ita

386 781 498 817 sunt
522 770 746 827 edomiti,
771 780 827 816 ut
850 769 981 816 tarda
1006 770 1070 817 eis
1093 769 1272 817 deditio
1304 781 1349 818 et
1374 771 1499 835 pacis
1533 771 1807 835 impetratio

384 849 643 895 videretur.
664 849 850 894 Interea
873 846 1078 893 domnus
1098 849 1194 894 Leo
1211 865 1329 912 papa
1355 865 1483 895 anno
1502 847 1808 912 pontificatus

385 927 456 972 sui
474 927 697 973 vicesimo
714 925 891 989 primo,
909 925 1100 971 circiter
1114 942 1205 971 vul
1220 926 1313 972 kal.
1323 928 1431 989 jun.
1450 925 1506 972 de
1521 943 1722 991 corpore
1735 926 1808 989 (2)

385 1004 609 1069 migravit
626 1024 635 1049 :
655 1002 1015 1067 Stephanusque
1030 1002 1257 1049 diaconus
1280 1004 1330 1049 in
1347 1004 1507 1050 locum
1523 1008 1620 1068 ejus
1635 1005 1810 1051 electus

387 1093 528 1147 atque
552 1080 798 1128 ordinatus
823 1090 918 1138 est,
947 1079 1262 1145 nondumque
1283 1080 1471 1128 duobus
1500 1093 1609 1145 post
1642 1099 1812 1129 conse-

387 1159 650 1206 crationem
674 1176 806 1204 suam
827 1158 999 1204 exactis
1023 1156 1291 1216 mensibus,
1317 1177 1459 1224 quam
1485 1161 1703 1206 maximis
1725 1177 1811 1223 po-

389 1237 483 1282 tuit
497 1234 748 1282 itineribus
765 1233 821 1280 ad
838 1235 1175 1299 imperatorem
1192 1236 1353 1283 venire
1369 1236 1618 1283 contendit
1631 1272 1644 1294 ,
1663 1236 1813 1282 missis

391 1313 585 1360 interim
614 1311 801 1358 duobus
834 1312 1024 1376 legatis,
1057 1313 1136 1376 qui
1173 1313 1303 1376 quasi
1335 1331 1424 1377 pro
1460 1331 1539 1359 sua
1565 1331 1814 1360 consecra-

391 1391 523 1437 tione
543 1389 819 1453 imperatori
836 1398 1161 1453 suggererent.
1183 1388 1323 1449 Quod
1341 1389 1424 1436 ubi
1446 1391 1705 1454 imperator
1724 1407 1813 1435 au·-

390 1466 527 1523 divit,
546 1466 706 1512 Remis
721 1466 761 1512 ei
777 1465 943 1511 statuit
962 1481 1232 1523 occurrere,
1253 1467 1499 1532 missisque
1515 1466 1706 1513 obviam
1727 1465 1814 1512 hiis

392 1545 475 1609 qui
501 1562 611 1591 eum
637 1543 720 1589 illo
742 1542 1055 1599 deducerent,
1085 1542 1343 1589 adventum
1369 1545 1466 1607 ejus
1490 1543 1812 1608 praeveniens,

394 1641 503 1669 cum
531 1638 705 1686 magno
734 1639 842 1667 eum
871 1620 1048 1667 ibidem
1072 1620 1258 1668 honore
1284 1622 1505 1685 suscepit.
1540 1621 1632 1682 Qui
1657 1621 1815 1667 statim

395 1700 671 1765 imperatori
704 1700 935 1747 adventus
960 1700 1030 1745 sui
1057 1717 1243 1745 causam
1270 1701 1540 1757 insinuans,
1570 1700 1816 1746 celebratis

395 1798 451 1825 ex
479 1795 614 1825 more
638 1779 888 1823 missarum
911 1778 1183 1835 solemniis,
1213 1797 1321 1825 eum
1350 1778 1621 1826 diadematis
1656 1779 1818 1841 impo-

395 1856 566 1903 sitione
582 1854 847 1901 coronavit.
872 1853 1037 1900 Multis
1050 1854 1220 1901 deinde
1238 1857 1363 1901 inter
1382 1872 1459 1901 eos
1473 1854 1753 1901 muneribus
1772 1865 1818 1900 et

394 1934 512 1979 datis
531 1944 577 1980 et
595 1933 815 1996 acceptis,
835 1933 1160 1997 conviviisque
1174 1933 1368 1996 opipare
1385 1933 1459 1995 (3)
1478 1931 1722 1979 celebratis
1736 1968 1749 1989 ,
1771 1943 1818 1978 et

397 2012 601 2057 amicitia
620 2011 826 2056 vicissim
838 2010 1112 2056 firmissimo
1129 2009 1304 2056 robore
1323 2010 1602 2065 constituta,
1624 2010 1819 2074 aliisque

398 2086 685 2134 utilitatibus
708 2099 882 2133 sanctae
914 2088 998 2133 Dei
1027 2087 1249 2134 Ecclesiae
1271 2105 1361 2152 pro
1386 2088 1615 2151 temporis
1640 2105 1819 2151 oppor—

400 2166 603 2212 tunitate
622 2164 878 2228 dispositis,
905 2165 1125 2228 pontifex
1152 2166 1371 2222 Romam,
1401 2166 1660 2228 imperator
1678 2165 1819 2211 Com-

399 2243 626 2307 pendium
655 2243 883 2306 palatium
909 2243 1064 2306 petiit.
1098 2242 1167 2289 lbi
1192 2253 1514 2291 commoratus
1534 2244 1621 2305 (4),
1645 2243 1819 2307 legatos

446 2418 495 2461 (i)
522 2417 591 2451 All.
614 2418 865 2462 Sigewinum,
889 2417 1139 2462 Siguwitzum,
1167 2419 1385 2463 Sigwimmz.

448 2476 497 2520 (2)
524 2475 567 2509 D.
586 2474 700 2521 Bouq.
719 2488 740 2509 a
757 2475 877 2508 seculo
895 2477 1077 2520 migravit.

448 2533 497 2578 (5)
526 2535 577 2568 Ita
603 2534 714 2568 habet
745 2535 869 2575 Perta,
898 2547 979 2569 cum
1009 2536 1114 2570 codd.
1152 2537 1360 2572 Vindobon.
1396 2534 1488 2578 651,
1519 2542 1549 2567 ct
1585 2535 1746 2568 llannov.

407 2596 445 2626 t).
466 2594 579 2640 Bouq.
603 2601 639 2627 ct
658 2594 776 2628 Nuen.
803 2606 894 2628 coni.
914 2598 1041 2639 opime.

450 2654 498 2696 {ss1}
529 2653 594 2686 lid.
616 2668 695 2687 cum
718 2661 931 2688 morardus.
