1924 3183
392 199 469 236 238
974 194 1224 233 KAROLUS.

389 284 567 331 Eburis
594 283 669 347 (ι)
704 282 900 329 nomine
917 317 929 338 ‚
959 282 1041 347 qui
1068 282 1116 328 in
1142 281 1308 330 eodem
1333 283 1502 348 praelio
1532 283 1625 331 fuit
1642 319 1654 341 ‚
1686 296 1733 333 et
1760 286 1809 333 in

389 360 740 408 Abodritorum
770 359 867 406 acie
894 358 1116 406 dextrum
1139 376 1294 406 cornu
1326 361 1496 407 tenuit.
1525 361 1634 407 Fusi
1664 362 1809 427 igitur

388 440 663 505 fugatique,
690 448 737 485 et
759 438 922 484 multis
947 454 1145 484 suorum
1170 437 1378 498 amissiS,
1413 456 1522 484 cum
1544 457 1711 504 magna
1735 457 1812 486 ca-

388 518 602 564 lamitate
626 515 684 562 ad
708 515 809 564 loca
833 534 913 562 sua
938 515 1110 562 reversi
1138 525 1267 561 sunt.
1294 514 1357 561 At
1380 533 1462 562 rex
1492 516 1540 561 in
1564 516 1813 562 Franciam

389 612 656 659 regreSSUS,
697 611 806 639 cum
840 593 1133 658 Aquasgrani
1170 592 1402 651 venisset,
1443 594 1599 657 primo
1636 593 1812 658 legatos

388 675 591 721 Herenae
618 672 928 736 imperatricis
962 672 1017 718 ad
1043 690 1090 719 se
1115 671 1172 718 de
1198 671 1618 736 Constantinopoli
1648 672 1813 719 missos

391 752 761 799 audivit—nam
781 750 1125 796 Constantinus
1146 749 1269 796 filius
1288 752 1385 814 ejus
1407 752 1606 815 propter
1623 768 1814 797 morum

390 828 696 876 insolentiam
720 845 743 872 a
777 826 870 871 suis
902 826 1270 890 comprehensus
1300 838 1346 874 et
1380 838 1639 875 excaecatus
1669 837 1815 874 est—-

391 905 564 972 quibus
599 903 872 969 petentibus
890 939 902 961 ‚
951 904 1200 951 Sissinium
1241 906 1345 969 (2),
1396 906 1594 953 fratrem
1635 905 1812 952 Tarasii

391 981 913 1046 Constantinopolitani
944 982 1177 1046 episcopi,
1208 983 1322 1030 olim
1353 984 1402 1030 in.
1426 983 1594 1048 praelio
1623 993 1814 1047 captum

389 1062 589 1109 domum
610 1059 766 1107 redire
788 1059 1022 1123 permisit.
1050 1061 1211 1125 Legati
1234 1059 1366 1108 fuere
1389 1059 1613 1117 Michael,
1641 1078 1815 1124 cogno-

390 1149 555 1186 mento
586 1136 904 1201 GanglianOS,
939 1147 987 1184 et
1011 1137 1306 1201 Theophilus
1341 1135 1595 1202 presbyter
1616 1137 1673 1184 de
1704 1136 1815 1183 Bla-

391 1216 596 1263 chernis.
623 1215 737 1261 Post
760 1231 970 1278 quorum
993 1212 1345 1262 absolutionem
1368 1225 1605 1262 venerunt
1628 1214 1686 1261 de
1708 1214 1813 1260 His-

391 1294 527 1358 pania
573 1293 709 1357 legati
759 1291 1015 1339 Hadefonsi
1064 1292 1186 1357 regis
1204 1329 1216 1349 ,
1265 1293 1513 1340 Basiliscus
1556 1303 1603 1340 et
1642 1293 1779 1340 Froia
1798 1330 1809 1350 a

390 1389 587 1418 munera
613 1370 877 1417 deferentes
903 1387 1010 1434 quae
1041 1370 1119 1417 ille
1147 1370 1204 1417 de
1232 1370 1494 1428 manubiis,
1523 1388 1637 1435 quas
1660 1371 1814 1417 victor

389 1450 513 1515 apud
537 1449 831 1513 Olisiponam
858 1449 929 1512 (3)
953 1448 1193 1496 civitatem
1217 1467 1242 1496 a
1270 1467 1316 1496 se
1340 1459 1655 1514 expugnatam
1678 1466 1814 1513 cepe-

390 1539 486 1586 rat,
509 1529 606 1592 regi
627 1528 818 1575 mittere
832 1528 1041 1584 curavit,
1063 1528 1257 1574 Mauros
1273 1527 1493 1575 videlicet
1509 1537 1688 1591 septem
1703 1543 1813 1572 cum

389 1606 592 1655 totidem
618 1605 758 1651 mulis
785 1616 928 1669 atque
951 1604 1136 1663 loricis,
1163 1623 1271 1670 quae
1300 1606 1411 1652 licet
1434 1622 1523 1669 pro
1550 1604 1680 1651 dono
1703 1604 1814 1650 mit—

389 1695 625 1740 terentur,
656 1683 801 1747 magis
834 1693 993 1729 tamen
1027 1682 1228 1747 insignia
1260 1683 1474 1730 victoriae
1506 1681 1808 1728 videbantur.

391 1762 520 1821 Quos
542 1771 590 1807 et
614 1759 819 1824 henigne
843 1760 1070 1823 suscepit,
1106 1769 1152 1806 et
1189 1769 1518 1807 remuneratos
1547 1757 1812 1805 honorifice

387 1839 584 1885 dimisit.
619 1836 793 1884 Insulae
817 1837 1055 1893 Baleares,
1081 1854 1189 1902 quae
1218 1854 1350 1883 nunc
1373 1835 1431 1882 ab
1458 1836 1625 1883 incolis
1650 1852 1812 1882 earum

386 1917 612 1981 Majorica
647 1926 694 1963 et
726 1915 963 1961 Minorica
987 1916 1279 1971 vocitantur,
1309 1933 1333 1960 a
1358 1914 1533 1961 Mauris
1562 1913 1811 1978 piraticam

387 1993 716 2043 exercentibus
750 1993 1034 2057 depraedatae
1070 2003 1198 2039 sunt.
1240 1995 1340 2040 Rex
1378 2010 1492 2039 vero
1525 1991 1809 2057 Aquisgrani

386 2073 639 2128 hiemavit,
673 2082 719 2118 et
752 2070 816 2117 ibi
841 2071 1056 2118 Natalem
1087 2071 1279 2117 Domini
1312 2080 1358 2117 et
1386 2069 1559 2116 Pascha
1593 2070 1669 2134 (4)
1695 2069 1811 2116 cele-

385 2151 558 2198 bravit.

433 2335 482 2379 (x)
508 2334 669 2368 Nuenar.
691 2343 784 2366 com.
803 2338 839 2365 et
854 2331 898 2365 D.
919 2331 1034 2378 Bouq.
1056 2331 1300 2366 Eberwinus.

430 2396 480 2439 (¹2)
506 2393 578 2428 All.
602 2393 819 2433 Sisinm'nm,
843 2391 1033 2433 Sisimum,
1057 2391 1255 2425 Sisimium.

432 2453 481 2499 (Β)
507 2453 579 2488 All.
613 2452 904 2498 Olisipononam,
938 2450 1198 2496 Olipononam,
1238 2450 1472 2496 Olz'sipinam,
1512 2448 1800 2496 Olyzsseponam,

390 2514 653 2559 Olisz'pponam.

436 2574 481 2612 ,43
508 2571 551 2603 D.
576 2571 690 2616 Pmuq.
713 2576 749 2603 et
768 2569 886 2603 Nuen.
908 2580 1028 2602 comos
1050 2584 1055 2601 ·.
1078 2582 1113 2613 p.
1134 2580 1231 2602 more.
1246 2567 1361 2600 samo.
