1924 3183
443 195 513 231 160
1011 189 1259 229 RAROLUS‘

436 279 531 334 dit,
559 287 604 324 et
630 277 678 323 in
707 279 1065 342 oppugnatione
1099 277 1327 334 civitatis,
1355 278 1463 341 quia
1493 276 1691 323 difficilis
1726 289 1850 338 erat,

438 366 596 404 totum
620 354 806 403 hiberni
831 357 1060 421 temporis
1082 356 1287 420 spatium
1304 354 1453 402 multa
1473 356 1718 405 moliendo
1743 374 1853 404 con-

439 434 656 498 sumpsit.

973 573 1318 621 DCCLXXIV.

505 680 633 726 Dum
666 679 767 727 haec
804 681 851 726 in
888 680 1019 727 Italia
1053 689 1304 745 geruntur,
1343 679 1550 727 Saxones
1583 679 1713 727 velut
1744 696 1857 743 per-

439 769 761 823 opportunam
780 757 837 805 de
862 756 1070 805 absentia
1094 758 1216 822 regis
1247 757 1372 804 nacti
1397 757 1694 804 occasionem
1709 794 1721 817 ‚
1749 774 1857 805 con—

441 836 596 901 tiguos
616 835 704 881 sibi
726 836 980 882 Hassorum
1008 835 1239 882 terminos
1263 835 1395 883 ferro
1424 845 1471 883 et
1496 835 1603 899 igne
1628 835 1858 899 populan-

442 923 537 959 tur.
564 913 779 976 Cumque
804 913 853 958 in
877 929 933 959 eo
958 912 1065 959 loco
1085 912 1167 976 qui
1194 930 1323 958 nunc
1348 912 1582 959 Frideslar
1604 911 1663 958 ab
1691 911 1858 959 incolis

440 990 736 1045 nominatur,
761 988 1001 1035 basilicam
1023 1007 1046 1034 a
1067 988 1206 1036 beato
1231 989 1474 1037 Bonifatio
1501 1000 1715 1054 martyre
1736 988 1859 1036 dedi-

440 1079 589 1113 catam
621 1067 873 1114 incendere
903 1067 1210 1125 molirentur,
1240 1077 1381 1132 atque
1405 1067 1496 1114 hoc
1528 1067 1709 1115 efficere
1731 1083 1859 1114 casso

440 1145 602 1193 labore
630 1155 938 1203 conarentur,
968 1146 1179 1192 immisso
1204 1146 1294 1192 sibi
1319 1145 1549 1193 divinitus
1578 1163 1753 1210 pavore
1777 1163 1860 1192 su-

440 1224 633 1271 bitaneo
648 1260 661 1283 ‚
685 1224 814 1288 turpi
835 1223 1153 1287 trepidatione
1175 1223 1390 1280 confusi,
1415 1224 1613 1271 domum
1631 1223 1859 1288 fugiendo

443 1312 766 1349 revertuntur.
789 1302 853 1347 At
874 1320 957 1349 rex
971 1338 983 1357 ,
1006 1301 1200 1349 dimisso
1228 1302 1285 1348 ad
1308 1301 1608 1349 obsidionem
1627 1312 1768 1366 atque
1786 1319 1861 1349 ex-

441 1380 786 1444 pugnationem
813 1379 980 1427 Ticeni
1018 1380 1254 1436 exercitu,
1287 1380 1454 1427 orandi
1483 1380 1630 1445 gratia
1659 1381 1862 1427 Romam

438 1456 778 1520 proficiscitur.
805 1457 871 1503 Et
897 1475 1033 1513 cum,
1061 1458 1262 1521 peractis
1287 1458 1434 1514 votis,
1466 1457 1575 1504 inde
1598 1456 1656 1504 ad
1682 1458 1862 1504 exerci-

444 1547 545 1582 tum
575 1534 739 1583 fuisset
767 1552 981 1583 reversus
1018 1537 1116 1597 (ι),
1160 1535 1403 1600 fatigatam
1435 1536 1576 1601 longa
1611 1533 1861 1583 obsidione

440 1613 679 1660 civitatem
697 1613 754 1659 ad
775 1613 1066 1660 deditionem
1087 1613 1348 1677 compulit;
1369 1630 1513 1678 quam
1535 1622 1719 1659 caeterae
1741 1612 1861 1658 civi-

442 1701 556 1738 tates
578 1701 776 1751 secutae,
801 1709 967 1738 omnes
993 1709 1039 1739 se
1063 1693 1183 1756 regis
1208 1692 1502 1739 Francorum
1534 1694 1758 1755 potestati
1783 1691 1858 1754 (2)

440 1768 771 1816 subdiderunt.
799 1770 863 1816 Et
883 1788 988 1826 rex,
1013 1768 1202 1815 subacta
1227 1780 1273 1816 et
1296 1786 1386 1833 pro
1407 1780 1621 1833 tempore
1641 1767 1861 1815 ordinata

441 1846 598 1904 ltalia,
634 1847 683 1893 in
709 1848 959 1895 Franciam
988 1848 1264 1904 revertitur,
1292 1848 1531 1912 captivum
1556 1847 1732 1894 ducens
1760 1847 1860 1894 De-

442 1923 666 1971 siderium
701 1943 873 1989 regem.
910 1925 1032 1972 Nam
1067 1925 1309 1990 Adalgisus
1348 1925 1470 1971 filius
1510 1927 1633 1989 ejus,
1674 1926 1724 1971 in
1763 1942 1861 1989 quo

442 2001 740 2067 Langobardi
774 2004 984 2050 multum
1016 2004 1113 2067 spei
1148 2002 1323 2051 habere
1355 2003 1657 2060 videbantur,
1696 2003 1861 2068 despe-

441 2080 552 2124 ratis
585 2079 752 2142 patriae
777 2079 946 2139 rebus,
972 2080 1135 2126 relicta
1158 2081 1289 2126 Italia
1316 2081 1363 2126 in
1391 2080 1625 2127 Graeciam
1650 2079 1708 2126 ad
1739 2080 1862 2127 Con-

442 2157 706 2203 stantinum
729 2157 1065 2222 imperatorem
1084 2176 1131 2206 se
1149 2159 1374 2215 contulit,
1400 2158 1560 2223 ibique
1581 2160 1629 2205 in
1649 2159 1861 2223 patricia-

444 2243 516 2279 tus
536 2233 706 2281 ordine
725 2245 867 2300 atque
883 2234 1066 2283 honore
1085 2236 1352 2283 consenuit.
1372 2237 1471 2283 Rex
1490 2246 1647 2283 autem
1662 2235 1859 2282 domum

441 2330 701 2376 regressus,
725 2313 1005 2378 priusquam
1029 2331 1137 2360 eum
1162 2314 1368 2361 Saxones
1389 2313 1570 2360 venisse
1598 2313 1856 2373 sentirent,

445 2390 739 2453 tripartitum
768 2391 816 2437 in
852 2409 1019 2438 eorum
1044 2392 1259 2456 regiones
1291 2392 1421 2438 misit
1454 2391 1738 2447 exercitum,
1775 2391 1857 2455 qui

486 2592 536 2633 (i)
563 2591 653 2624 Cod.
682 2591 822 2625 Trevir.
849 2603 1051 2636 regressus.

492 2650 534 2688 Ἴ)
565 2649 614 2683 Ita
637 2649 745 2684 habet
768 2650 797 2684 D
833 2650 995 2696 Bouq.--
1011 2650 1114 2685 Pcrtz
1164 2662 1285 2685 01117165
1313 2662 1343 2682 <e
1366 2650 1459 2695 legis
1482 2662 1523 2683 ar:
1547 2648 1769 2683 Francarmn
1791 2660 1854 2691 po-

447 2721 466 2737 ιι
486 2714 575 2741 *lala
