1924 3183
324 155 400 192 :578
838 151 1213 191 HLUDOWICUS.

323 241 518 287 natione
554 240 819 302 completa,
859 240 980 285 circa
1021 238 1187 286 hiemis
1223 239 1412 285 initium
1451 240 1740 306 Aquasgrani

323 333 537 363 reversus
560 325 646 362 est.

386 395 442 440 In
469 392 714 441 territorio
739 392 952 440 Tullensi
983 394 1118 456 juxta
1152 392 1560 440 Commerciacum
1583 395 1744 441 villam

321 470 476 534 puella
495 470 716 534 quaedam
735 488 973 517 annorum
993 470 1184 517 circiter
1206 486 1275 516 x11
1295 481 1404 534 post
1423 488 1601 517 sacram
1621 489 1745 520 com-

321 549 632 608 munionem,
657 567 800 613 quam
824 549 874 595 in
893 547 1065 594 Pascha
1080 546 1138 595 de
1161 547 1415 595 sacerdotis
1433 566 1581 595 manu
1601 548 1746 596 chris-

322 628 455 673 tiano
485 643 621 673 more
653 636 920 691 susceperat
944 626 1045 689 (1),
1072 625 1233 690 primo
1262 642 1412 690 pane,
1444 625 1614 674 deinde
1643 627 1745 673 aliis

321 703 548 750 omnibus
571 703 687 751 cibis
707 716 754 752 et
782 704 977 769 potibus
1003 702 1286 751 abstinendo
1302 740 1316 761 ,
1345 705 1394 751 in
1420 714 1608 752 tantum
1621 707 1745 769 jeju-

319 798 450 827 nasse
475 780 776 845 perhibetur,
804 793 858 828 ut
893 781 1023 828 nulla
1046 782 1236 846 penitus
1273 782 1490 846 corporis
1521 781 1745 829 alimenta

320 858 613 922 percipiens,
638 859 738 906 sine
757 859 890 906 omni
911 859 1065 904 victus
1083 857 1316 905 desiderio
1337 859 1579 922 integrum
1601 859 1746 906 trien-

322 936 458 981 nium
481 936 811 1000 compleverit.
840 937 1002 1000 Coepit
1024 947 1183 984 autem
1202 939 1415 1000 jejunare
1441 954 1569 984 anno
1594 937 1745 983 incar-

320 1014 529 1060 nationis
553 1014 820 1062 Dominicae
842 1030 1085 1060 Dcccxxm
1101 1049 1113 1070 ,
1141 1014 1264 1059 sicut
1288 1014 1336 1060 in
1362 1014 1506 1078 ipsius
1524 1015 1636 1061 anni
1660 1013 1746 1062 de—

320 1092 582 1155 scriptione
599 1093 817 1156 superius
836 1102 1123 1139 annotatum
1143 1102 1235 1149 est,
1259 1103 1306 1138 et
1329 1091 1420 1139 hoc
1439 1110 1585 1151 anno,
1610 1093 1656 1139 id
1677 1103 1747 1140 est

322 1185 555 1230 ccccxxv,
586 1170 708 1216 circa
741 1170 1016 1218 novembris
1039 1171 1213 1217 mensis
1240 1171 1433 1216 initium
1462 1180 1654 1235 peracto
1676 1174 1745 1235 je-

314 1248 455 1310 junio
494 1265 647 1295 escam
677 1266 862 1296 sumere
893 1265 946 1294 ac
976 1264 1111 1297 more
1146 1258 1431 1295 caeterorum
1469 1249 1746 1295 mortalium

319 1324 652 1373 manducando
677 1327 834 1373 vivere
860 1326 1026 1390 coepit.

864 1759 1209 1806 DCCCXXVI.

390 1872 511 1918 Cum
529 1874 627 1938 regi
648 1874 964 1940 Bulgarorum
982 1874 1121 1939 legati
1143 1875 1212 1921 sui
1233 1873 1351 1938 quid
1369 1873 1553 1938 egerint
1571 1890 1747 1920 renun-

325 1950 519 1997 tiassent
531 1988 544 2009 ,
574 1952 748 1999 iterum
768 1971 877 2000 eum
896 1971 1040 2018 quem
1058 1954 1217 2018 primo
1238 1953 1431 1999 miserat
1456 1952 1513 1998 ad
1540 1953 1748 2016 impera—

325 2037 481 2075 torem
513 2046 622 2075 cum
650 2029 822 2077 litteris
850 2031 1060 2086 remisit,
1093 2048 1265 2095 rogans
1295 2039 1348 2076 ut
1375 2031 1476 2077 sine
1501 2046 1748 2076 morarum

327 2106 695 2170 interpositione
721 2110 1042 2156 terminorum
1062 2108 1279 2155 definitio
1308 2107 1468 2166 fieret,
1496 2107 1569 2154 vel
1593 2107 1628 2153 si
1657 2106 1747 2154 hoc

325 2201 427 2231 non
446 2185 671 2248 placeret,
695 2204 802 2233 suos
822 2187 1021 2251 quisque
1040 2188 1272 2234 terminos
1297 2187 1397 2232 sine
1415 2187 1541 2251 pacis
1564 2185 1748 2233 foedere

328 2270 561 2309 tueretur.
583 2264 669 2309 Cui
703 2265 979 2329 imperator,
1015 2266 1123 2330 quia
1147 2265 1268 2310 fama
1300 2274 1400 2311 erat
1432 2264 1747 2329 Bulgarorum

327 2358 487 2405 regem
511 2360 535 2387 a
567 2360 653 2390 suo
677 2343 885 2408 quodam
908 2344 1137 2408 optimate
1163 2354 1245 2390 aut
1280 2359 1429 2408 regno
1453 2342 1643 2406 pulsum
1669 2351 1750 2386 aut

331 2416 635 2465 interfectum
652 2455 664 2475 ,
705 2420 992 2484 respondere
1029 2420 1214 2466 distulit
1233 2440 1246 2476 ;
1288 2419 1466 2484 illoque
1505 2427 1748 2481 expectare

375 2618 425 2659 (1)
454 2617 505 2650 Ita
522 2617 630 2652 habct
646 2619 690 2652 D.
714 2620 825 2665 Bouq.
891 2621 1009 2658 Pcrtz.
1032 2633 1115 2654 Cum
1136 2620 1379 2654 cod.Ai·1nan.
1399 2618 1442 2651 dc
1459 2632 1487 2650 s.
1509 2632 1555 2651 111.
1577 2617 1748 2651 moliendo

330 2683 553 2719 suweqwral.
