1924 3183
399 175 469 211 106
726 169 849 206 'VITA
879 168 1070 206 KAROLl
1107 166 1467 204 IMPERATORIS.

397 279 419 301 «
448 257 645 303 Colonia
660 291 672 312 ‚
700 256 1084 320 Mogontiacum,
1107 254 1132 300 J
1138 270 1338 300 uvavum
1368 271 1475 318 quae
1494 263 1542 300 et
1560 253 1801 318 Salzburg,

397 357 417 378 «
450 334 694 393 Treveris,
719 334 956 393 Senones,
982 333 1264 380 Vesontium
1279 367 1292 388 ,
1316 330 1602 396 Lugdunum
1618 367 1630 388 ‚
1659 332 1808 379 Roto-

397 432 418 455 «
444 429 604 476 magus
621 447 633 467 ,
661 412 845 468 Remis,
876 410 1063 467 Arelas,
1090 409 1301 468 Vienna,
1322 409 1619 466 Darantasia,
1646 408 1811 456 Ebro—

398 510 418 532 «
449 488 665 545 dunum,
712 488 959 553 Burdigala
981 525 991 545 ,
1039 489 1257 533 Turones
1280 522 1290 539 ,
1339 486 1592 550 Bituriges.
1659 486 1812 532 Unius

398 588 417 609 «
449 575 607 612 autem
636 567 781 630 partis
805 583 947 630 quam
981 566 1214 628 integram
1239 564 1469 611 reservari
1498 563 1673 619 voluit,
1711 563 1814 610 talis

399 665 418 687 α
451 655 519 690 est
551 644 701 698 ratio,
729 654 783 689 ut
801 679 813 700 ,
842 643 933 688 illis
957 641 1137 688 duabus
1169 643 1218 688 in
1248 640 1536 705 supradictas
1563 639 1816 687 divisiones

398 743 419 765 «
448 720 716 767 distributis
754 732 800 767 et
834 719 920 766 sub
953 720 1106 785 sigillo
1137 718 1424 775 reconditis5
1452 707 1553 764 haec
1587 718 1726 764 tertia
1765 717 1814 763 in

400 821 422 843 «
450 817 536 845 usu
553 797 833 863 quotidiano
854 798 925 861 (1)
951 809 1246 853 versaretur,
1272 797 1402 843 velut
1421 813 1493 842 res
1519 812 1663 861 quam
1686 794 1816 841 nulla

404 898 426 920 «
458 877 554 924 voti
571 876 865 941 obligatione
883 892 907 920 a
924 875 1141 922 dominio
1157 874 1438 939 possidentis
1459 873 1710 920 alienatam
1723 889 1818 919 esse

400 974 422 996 «
452 964 715 1010 constaret,
756 964 802 999 et
838 952 928 999 hoc
955 951 1135 998 tamdiu
1167 953 1261 1016 (2),
1294 951 1601 1016 quoadusque
1636 949 1710 996 vel
1739 949 1819 995 ille

400 1050 421 1072 «
451 1030 694 1077 mansisset
710 1030 761 1075 in
780 1046 981 1093 corpore
995 1065 1008 1085 ‚
1032 1028 1106 1075 vel
1126 1046 1264 1075 usum
1283 1029 1379 1091 ejus
1393 1025 1481 1072 sibi
1504 1025 1819 1073 necessarium

401 1128 422 1151 «
445 1107 696 1170 judicaret.
725 1108 836 1154 Post
867 1106 1055 1154 obitum
1079 1123 1192 1154 vero
1218 1123 1355 1152 suum
1386 1115 1467 1151 aut
1498 1104 1818 1151 voluntariam

402 1208 421 1228 «
452 1186 733 1232 secularium
766 1203 927 1232 rerum
964 1185 1252 1240 carentiam,
1280 1183 1441 1231 eadem
1471 1201 1579 1246 pars
1611 1193 1820 1247 quatuor

402 1285 423 1307 r<
456 1263 859 1311 subdivisionibus
895 1275 1132 1310 secaretur
1154 1298 1168 1319 ‚
1211 1272 1258 1309 et
1296 1279 1389 1308 una
1425 1261 1618 1325 quidem
1657 1278 1819 1307 earum

402 1361 423 1383 «
453 1341 732 1403 supradictis
756 1340 923 1405 viginti
953 1350 999 1386 et
1023 1340 1105 1385 uni
1133 1337 1347 1402 partibus
1380 1337 1647 1394 adderetur,
1677 1337 1822 1384 altera

405 1437 425 1458 r<
451 1436 472 1462 a
501 1417 609 1462 filiis
641 1435 693 1463 ac
717 1416 904 1463 filiabus
935 1418 1055 1473 suis,
1085 1416 1287 1481 filiisque
1318 1432 1371 1461 ac
1401 1414 1586 1460 filiabus
1610 1414 1822 1461 filiorum

405 1515 426 1536 κ
456 1511 650 1541 suorum
671 1504 904 1557 assumpta
919 1530 932 1551 ,
950 1496 1075 1557 justa
1094 1504 1142 1540 et
1165 1491 1437 1540 rationabili
1465 1493 1592 1539 inter
1616 1508 1694 1538 eos
1717 1509 1824 1555 par-

406 1591 425 1613 s<
458 1571 629 1618 titione
651 1570 964 1627 divideretur3
988 1571 1125 1617 tertia
1147 1588 1282 1629 vero,
1308 1580 1536 1616 consueto
1557 1568 1825 1614 christianis

407 1669 427 1689 «
457 1665 609 1704 more,
635 1648 684 1693 in
701 1665 838 1694 usum
855 1665 1119 1712 pauperum
1138 1647 1302 1694 fuisset
1316 1656 1503 1711 erogata
1520 1646 1590 1709 (ὅ)
1601 1665 1614 1702 ;
1635 1657 1822 1710 quarta,

409 1746 429 1768 «
458 1726 599 1771 simili
618 1726 762 1773 modo
786 1727 983 1773 nomine
1004 1726 1318 1782 eleemosinae,
1342 1726 1390 1771 in
1409 1742 1657 1772 servorum
1677 1734 1724 1770 et
1740 1741 1826 1769 an-

410 1825 431 1847 «
460 1805 678 1850 cillarum
701 1805 862 1850 usibus
887 1805 1046 1868 palatii
1077 1805 1411 1850 famulantium
1432 1802 1827 1849 sustentationem

410 1904 431 1924 ‹<
461 1880 714 1928 distributa
740 1882 942 1929 veniret.
977 1882 1048 1928 Ad
1080 1881 1200 1928 hanc
1231 1883 1423 1928 tertiam
1454 1881 1601 1926 totius
1629 1898 1827 1926 summae

413 1979 432 2000 «
461 1959 736 2021 portionem
756 1994 770 2016 ‚
794 1976 902 2023 quae
929 1958 1147 2005 similiter
1169 1969 1223 2003 ut
1249 1969 1433 2005 caeterae
1460 1975 1515 2003 ex
1546 1973 1663 2002 auro
1689 1965 1735 2002 et
1758 1974 1828 2001 ar-

413 2055 434 2078 «
461 2045 605 2099 gento
631 2045 841 2090 constat,
872 2035 1062 2099 adjungi
1087 2035 1241 2082 voluit
1258 2035 1420 2081 omnia
1444 2052 1500 2081 ex
1520 2051 1612 2080 aere
1636 2043 1684 2079 et
1697 2032 1826 2080 ferro

416 2206 688 2252 &tlh-burgum.
708 2225 755 2231 —
789 2205 974 2239 Vesontio.
998 2225 1043 2230 —
1066 2205 1316 2250 Rolamagus,
1348 2201 1622 2247 Bodomagum,
1649 2199 1828 2232 Ratuma-

414 2277 494 2310 gus.
526 2285 572 2290 --
601 2265 754 2307 Amles,
789 2264 1002 2305 „Ar-elatum,
1040 2264 1186 2298 Arelas.
1219 2283 1265 2288 —
1295 2262 1544 2300 Damtansia,
1583 2259 1828 2298 Darentasia;

414 2324 574 2358 Nuenar.
595 2336 714 2358 comes
737 2339 743 2356 ε
773 2324 1011 2358 Tarantasia.
1032 2345 1073 2349 —-
1094 2322 1360 2365 Ebrodonum,
1391 2320 1649 2356 Ebredunum.
1670 2339 1716 2344 —
1730 2318 1829 2352 Bm·-

418 2382 625 2430 dcgala.-—
644 2384 822 2426 Turonis,
851 2383 1324 2429 Turonas.——Bilurigies‚
1349 2381 1529 2423 Ritus-ies,
1552 2380 1752 2413 Bituricus.

462 2444 510 2488 (1)
536 2444 591 2477 Ita
610 2443 749 2477 habent
767 2443 810 2476 D.
834 2443 963 2490 Bouq„
987 2443 1148 2477 Nuenar.
1171 2453 1292 2477 comes
1311 2447 1348 2476 et
1365 2439 1531 2487 plerique
1553 2438 1683 2480 codd.;
1705 2436 1832 2485 quind.

418 2501 524 2537 codd.
546 2502 744 2537 cottidiano
757 2520 764 2541 ,·
786 2504 891 2537 Pcrtz
913 2519 919 2537 z
941 2503 1136 2538 cotidiano.

465 2562 514 2605 (¹2)
539 2561 667 2605 Pertz,
688 2574 772 2596 cum
793 2561 898 2596 codd.
918 2561 1131 2597 Vindobon.
1147 2560 1234 2607 667,
1255 2560 1393 2595 Christ.
1414 2557 1504 2603 ch.
1526 2555 1593 2603 657
1613 2564 1649 2591 et
1664 2554 1828 2590 vatican

424 2619 512 2666 3535)
531 2637 535 2653 :
562 2622 688 2655 tandiu
704 2639 711 2661 ς
729 2622 832 2667 reliq.
855 2635 980 2656 omnes
1004 2639 1008 2655 ⁴.
1035 2621 1186 2655 tamdiu.

450 2688 515 2722 >foy
549 2679 704 2713 Nuenain
726 2693 818 2713 coni.
841 2688 872 2713 ct
895 2680 976 2715 cod.
995 2680 1207 2716 Vindobon.
1233 2678 1292 2712 itit
1316 2681 1540 2721 erogaretur.
