2043 3193
524 118 575 155 ‘26
860 112 983 150 VITA
1012 111 1205 151 KAROLI
1239 109 1598 149 IMPERATORIS.

524 198 721 246 subdere
746 198 865 245 velle
884 198 1224 262 promitterent
1246 213 1255 242 ε
1286 195 1365 242 sed
1389 196 1509 242 sicut
1527 195 1584 242 ad
1602 195 1702 243 haec
1725 198 1936 245 facienda

523 276 771 340 aliquoties
805 277 976 340 proni,
1020 276 1084 321 sic
1116 273 1173 319 ad
1208 271 1367 320 eadem
1402 274 1714 336 pervertenda
1754 292 1937 339 semper

524 354 656 400 suere
690 353 982 417 praecipites,
1020 362 1073 398 ut
1106 351 1213 396 satis
1248 366 1347 396 non
1381 350 1442 395 sit
1476 350 1550 413 (1)
1585 351 1845 409 aestimare,
1881 352 1939 399 ad

525 441 689 476 utrum
724 430 898 478 horum
930 429 1163 476 faciliores
1200 428 1355 474 verius
1386 426 1478 474 dici
1514 429 1723 492 possint,
1762 430 1939 494 quippe

527 526 635 554 cum
657 519 764 571 post
786 507 1061 554 inchoatum
1090 523 1198 551 cum
1220 505 1283 551 eis
1305 505 1486 552 bellum
1506 505 1586 551 vix
1609 505 1733 551 ullus
1751 505 1825 569 (2)
1850 524 1939 553 an-

527 602 615 630 nus
640 595 825 630 exactus
851 585 934 641 sit,
965 599 1061 647 qno
1085 598 1186 628 non
1209 580 1267 627 ab
1291 581 1355 628 eis
1381 581 1704 646 hujuscemodi
1736 582 1856 628 facta
1879 583 1941 630 sit

526 663 833 726 permutatio.
858 661 947 708 Sed
967 660 1326 725 magnanimitas
1346 661 1467 724 regis
1483 696 1496 717 ‚
1518 678 1570 706 ac
1592 671 1819 724 perpetua
1843 671 1942 708 tam

529 741 577 785 in
602 740 803 787 adversis
827 757 969 803 quam
987 739 1035 785 in
1056 739 1292 802 prosperis
1313 738 1484 784 mentis
1504 738 1786 794 constantia,
1810 739 1941 785 nulla

526 836 693 865 eorum
719 817 1033 864 mutabilitate
1063 817 1135 863 vel
1159 816 1285 862 vinci
1315 828 1529 880 poterat,
1560 817 1632 863 vel
1655 816 1713 862 ab
1740 816 1811 862 his
1834 835 1941 882 quae

528 914 663 960 agere
688 906 898 960 coeperat
920 894 1163 959 defatigari
1178 913 1191 951 3
1221 912 1330 940 nam
1357 911 1604 958 nunquam
1622 912 1699 941 eos
1724 893 1943 958 hujusce-

529 975 656 1022 modi
691 975 868 1040 aliquid
903 983 1227 1038 perpetrantes
1262 973 1457 1036 impune
1492 972 1617 1019 ferre
1653 990 1811 1036 passus
1845 982 1940 1030 est,

529 1052 649 1116 quin
672 1061 752 1097 aut
773 1052 869 1115 ipse
887 1067 972 1114 per
988 1068 1034 1096 se
1054 1050 1127 1113 (3)
1153 1049 1401 1096 ductorem
1423 1050 1517 1113 (4),
1546 1058 1626 1095 aut
1642 1067 1727 1113 per
1747 1049 1943 1096 comites

527 1147 653 1185 suos,
680 1129 822 1176 misso
842 1129 1069 1185 exercitu,
1097 1127 1344 1192 perfidiam
1361 1127 1668 1174 ulcisceretur
1685 1138 1732 1174 et
1749 1127 1944 1192 dignam

528 1206 587 1252 ab
609 1207 671 1253 eis
700 1207 907 1272 exigeret
931 1224 1152 1271 poenam,
1179 1223 1327 1270 usque
1346 1205 1487 1263 dum,
1511 1205 1735 1252 omnibus
1760 1206 1841 1270 qui
1867 1223 1944 1252 re-

530 1285 691 1331 sistere
715 1284 931 1332 solebant
962 1284 1224 1349 profligatis
1246 1295 1293 1331 et
1325 1285 1375 1330 in
1398 1301 1530 1330 suam
1560 1294 1842 1348 potestatem
1864 1302 1946 1331 re-

530 1362 701 1419 dactis,
739 1362 901 1409 decem
936 1363 1066 1409 milia
1101 1361 1378 1419 hominum,
1414 1379 1470 1408 ex
1506 1361 1577 1408 his
1610 1363 1690 1427 qui
1723 1373 1948 1428 utrasque

531 1440 654 1503 ripas
684 1439 817 1486 Albis
836 1441 907 1504 (5)
932 1440 1143 1486 fluminis
1173 1439 1471 1496 incolebant,
1509 1458 1617 1486 cum
1647 1439 1877 1487 uxoribus
1901 1451 1948 1487 et

532 1517 739 1580 parvulis
775 1516 982 1563 sublatos
1023 1517 1292 1573 transtulit,
1332 1528 1378 1563 et
1411 1515 1503 1563 huc
1537 1527 1678 1581 atque
1717 1517 1829 1563 illuc
1863 1535 1949 1581 per

532 1594 732 1640 Galliam
749 1606 796 1641 et
814 1594 1118 1642 Germaniam
1136 1594 1418 1642 multimoda
1433 1594 1666 1642 divisione
1682 1594 1944 1642 distribuit.

532 1673 692 1735 anue
715 1670 991 1718 conditione
1010 1689 1034 1716 a
1060 1688 1168 1735 rege
1191 1671 1432 1735 proposita
1459 1682 1504 1718 et
1523 1670 1581 1717 ab
1602 1671 1692 1717 illis
1715 1681 1945 1736 suscepta,

534 1757 740 1792 tractum
765 1764 849 1810 per
870 1757 943 1794 tot
960 1764 1111 1794 annos
1136 1746 1317 1794 bellum
1336 1758 1519 1794 constat
1545 1766 1640 1795 esse
1663 1748 1872 1804 finitum,
1896 1757 1950 1794 ut

532 1824 717 1887 abjecto
736 1825 1012 1872 daemonum
1031 1826 1163 1872 cultu
1182 1826 1255 1890 (6)
1278 1836 1322 1873 et
1340 1826 1517 1873 relictis
1536 1826 1700 1890 patriis
1721 1843 1950 1873 caeremo-

534 1904 651 1960 niis,
681 1903 950 1950 christianae
976 1903 1083 1951 fidei
1108 1914 1248 1968 atque
1267 1904 1509 1969 religionis
1533 1914 1820 1951 sacramenta
1847 1922 1950 1950 sus-

584 2138 632 2182 (1)
659 2137 717 2171 Sic
736 2137 899 2184 quinque
917 2136 1025 2171 codd.
1041 2157 1086 2162 —
1102 2137 1185 2171 Non
1205 2136 1295 2171 nulli
1316 2152 1322 2170 ς
1347 2143 1385 2171 ut
1404 2150 1477 2171 non
1495 2139 1586 2171 satis
1603 2138 1662 2171 sit.
1683 2136 1834 2172 —Cod.
1853 2149 1951 2172 nunc

536 2197 626 2243 Reg.
645 2197 758 2231 Paris.
779 2197 886 2243 (olim
906 2197 945 2232 Β.
964 2198 1029 2241 Μ.)
1056 2195 1118 2232 155
1139 2213 1143 2231 z
1169 2204 1207 2232 ut
1225 2199 1404 2232 nonsatis
1421 2204 1551 2244 potest.
1567 2218 1608 2223 -—-
1625 2198 1784 2233 Nuenar.
1805 2210 1925 2232 comes
1942 2214 1947 2233 τ

534 2264 575 2291 nt
595 2271 667 2291 non
674 2257 797 2303 facile
816 2259 1011 2292 aestimare
1025 2259 1159 2304 possis.
1181 2279 1221 2283 —-
1241 2258 1345 2292 Pertz
1369 2273 1375 2291 e
1399 2271 1471 2292 non
1490 2259 1540 2292 sit
1555 2263 1594 2292 ut
1612 2259 1703 2292 satis
1720 2260 1926 2293 aestimare.

580 2318 631 2361 (2)
657 2317 796 2351 Novem
817 2316 923 2351 codd.
947 2317 1019 2351 ille.

582 2377 628 2423 (5)
655 2379 711 2414 Cf.
731 2379 833 2414 Suet.
856 2380 952 2426 Aug.
980 2392 1012 2413 c.
1035 2391 1090 2413 20.

582 2442 630 2486 (ᾗ)
658 2442 701 2475 D.
719 2443 887 2489 Bouquet
905 2458 910 2476 τ
931 2456 999 2489 per
1014 2456 1051 2477 se
1065 2442 1188 2476 (lucto.
1209 2442 1266 2477 Sic
1286 2441 1436 2489 plurimi
1457 2440 1564 2476 codd.

582 2502 631 2547 (ὦ)
657 2504 747 2538 (jod.
779 2505 871 2551 Reg.
897 2505 1010 2540 Paris.
1047 2503 1136 2552 4955
1164 2521 1169 2537 ·.
1197 2505 1316 2541 Albe:
1346 2504 1427 2539 cod.
1449 2503 1660 2540 vindobon.
1691 2515 1759 2551 990
1789 2520 1793 2538 :
1827 2505 1950 2543 Astis,-

537 2562 617 2596 cod.
644 2563 851 2598 Mndobon.
869 2563 937 2599 538
956 2571 992 2598 ct
1010 2564 1091 2599 cod.
1112 2571 1265 2598 monast.
1284 2563 1497 2598 Zwetlensis
1519 2578 1524 2595 :
1548 2562 1649 2596 Albi.

584 2626 633 2669 (ὕ)
660 2627 751 2661 (jod.
771 2628 1080 2675 Cantabrigicnsis
1100 2645 1104 2663 :
1128 2629 1272 2675 abjecta
1293 2628 1499 2663 dcemonum
1518 2627 1673 2661 cultura.
