2043 3193
512 222 562 258 56
842 217 964 254 VITA
994 216 1184 255 KAROLI
1218 214 1577 253 IMPERATORIS.

512 322 691 352 cessum
717 305 804 368 (1),
833 319 1103 369 quanquam
1120 303 1170 348 in
1194 321 1243 349 ea
1263 301 1568 349 meditatione
1590 312 1729 361 esset,
1756 311 1810 347 ut
1829 320 1916 366 pro

510 382 668 446 ligneo
686 379 922 445 lapideum
940 380 1225 429 restitueret.
1247 378 1492 426 Inchoavit
1510 388 1556 425 et
1579 378 1747 443 palatia
1763 379 1918 443 operis

510 457 708 522 egregii,
753 473 903 503 unum
949 454 1073 503 haud
1119 456 1259 520 longe
1291 474 1314 502 a
1348 455 1658 520 Mogontiaco
1697 454 1912 512 civitate,

502 538 637 599 juxta
669 533 827 580 villam
858 535 988 597 cujus
1011 535 1078 597 (2)
1114 532 1400 580 vocabulum
1432 543 1501 579 est
1530 531 1790 596 Ingelheim
1821 532 1913 595 (3),

509 615 711 662 alterum
734 613 1013 677 Noviomagi
1052 630 1192 677 super
1217 611 1445 658 Vahalem
1468 612 1536 674 (4)
1574 610 1800 667 fluvium,
1836 610 1918 675 qui

508 694 793 738 Batavorum
834 690 1034 737 insulam
1075 707 1099 735 a
1146 699 1279 753 parte
1321 688 1577 743 meridiana
1616 686 1917 752 praeterfluit.

509 770 751 833 Praecipue
776 779 932 814 tamen
970 767 1090 814 aedes
1121 784 1269 813 sacras
1291 767 1377 830 (5),
1406 765 1697 830 ubicumque
1731 765 1781 811 in
1816 773 1921 811 toto

508 864 657 911 regno
680 863 766 892 suo
789 855 1017 892 vetustate
1043 845 1266 908 collapsas
1290 844 1523 908 comperit
1552 843 1644 907 (6),
1673 842 1922 907 pontifici-

510 922 598 968 bus
629 933 676 969 et
707 920 922 985 patribus
957 921 1013 967 ad
1054 938 1261 985 quorum
1299 938 1460 966 curam
1501 918 1834 984 pertinebant,
1869 927 1923 964 ut

510 1009 910 1057 restaurarentur,
947 999 1217 1062 imperavit,
1252 997 1478 1045 adhibens
1502 1014 1663 1043 curam
1687 1013 1771 1060 per
1798 995 1924 1059 lega-

512 1087 610 1134 tos,
645 1088 699 1124 ut
728 1078 953 1141 imperata
985 1075 1285 1140 perficerent.
1330 1075 1525 1122 Molitus
1558 1084 1627 1122 est
1656 1084 1703 1120 et
1734 1073 1925 1121 classem

514 1166 679 1203 eontra
715 1154 894 1202 bellum
927 1154 1329 1202 Nortmannicum
1355 1154 1452 1217 (7),
1481 1151 1720 1199 aedificatis
1750 1151 1807 1197 ad
1835 1141 1925 1198 hoc

513 1233 713 1281 navibus
730 1235 864 1297 juxta
887 1232 1084 1278 flumina
1097 1267 1110 1288 ,
1138 1249 1245 1296 quae
1264 1242 1310 1278 et
1330 1230 1386 1278 de
1408 1231 1557 1277 Gallia
1583 1240 1629 1277 et
1654 1230 1710 1277 de
1733 1229 1927 1276 Germa-

516 1310 594 1356 nia
608 1309 1026 1372 septentrionalem
1050 1308 1263 1354 influunt
1286 1308 1554 1363 Oceanum3
1578 1316 1624 1353 et
1647 1307 1756 1371 quia
1775 1305 1928 1352 Nort-

516 1386 678 1432 manni
706 1384 941 1431 Gallicum
965 1383 1097 1430 littus
1126 1393 1265 1448 atque
1283 1383 1623 1430 Germanicum
1649 1381 1826 1428 assidua
1858 1382 1928 1427 in—

516 1462 765 1510 festatione
807 1461 1076 1518 vastabant,
1114 1479 1199 1525 per
1226 1478 1390 1508 omnes
1419 1471 1586 1525 portus
1623 1470 1670 1507 et
1709 1460 1826 1507 ostia
1854 1459 1928 1523 (ὅ)

518 1539 800 1595 fluminum,
828 1556 918 1603 qua
940 1539 1008 1602 (9)
1034 1555 1171 1585 naves
1194 1539 1339 1602 recipi
1363 1555 1497 1601 posse
1520 1536 1822 1594 videbantur,
1844 1546 1931 1582 sta-

520 1615 733 1664 tionibus
758 1625 805 1662 et
832 1615 1040 1663 excubiis
1064 1615 1325 1679 dispositis,
1354 1632 1412 1661 ne
1426 1632 1518 1679 qua
1535 1614 1682 1661 hostis
1696 1614 1823 1661 exire
1847 1630 1931 1677 po-

521 1694 684 1740 tuisset
702 1728 714 1748 ,
744 1693 824 1738 tali
849 1693 1119 1739 munitione
1142 1691 1406 1756 prohibuit.
1435 1691 1563 1738 Fecit
1588 1690 1709 1737 idem
1745 1708 1768 1735 a
1798 1700 1931 1753 parte

519 1770 775 1817 meridiana
800 1769 849 1815 in
881 1769 1043 1816 littore
1070 1770 1331 1833 provinciae
1356 1767 1677 1815 Narbonensis
1700 1785 1752 1813 ac
1775 1767 1931 1831 Septi-

569 1963 619 2006 (1)
645 1960 763 1996 Codd.
791 1960 991 1995 Florentin.
1024 1960 1157 2007 Regin.
1190 1960 1367 1995 Christin.
1398 1959 1484 2007 6923
1515 1966 1551 1994 et
1576 1959 1669 2005 Reg.
1699 1960 1781 1993 Par.
1814 1957 1928 2002 5354:

524 2019 738 2054 discessum.

570 2080 620 2124 (2)
646 2078 868 2123 Quindecim
888 2077 995 2113 codd.
1015 2080 1084 2112 cui.

571 2138 620 2183 (5)
646 2139 784 2173 Novem
810 2137 918 2173 codd.
946 2137 1212 2184 Ingilenlzeim;
1241 2137 1300 2171 all.
1333 2137 1581 2185 Iugileffleim,
1615 2135 1931 2183 Ennigilecheim,

526 2199 564 2233 E
567 2198 788 2244 ngilelheim‚
809 2197 1074 2244 Ingilemlzeim,
1095 2197 1347 2243 Ingilemlzem,
1369 2197 1631 2244 Ingelenheim‚
1652 2193 1932 2242 Ingelentheim,

526 2257 779 2304 Ingelenteim,
795 2255 1018 2303 Ingelelzem‚
1035 2255 1278 2301 Ingelenlzz'm,
1293 2256 1485 2301 Ingellzem
1496 2273 1504 2295 ;
1517 2255 1641 2290 Pertz:
1657 2253 1930 2301 Engilenheim.

572 2317 622 2361 (4)
648 2315 808 2350 Nuenar.
829 2327 949 2350 comes
972 2331 977 2349 :
1008 2315 1209 2349 Walmlem.

573 2373 623 2419 (5)
648 2374 706 2409 Cf.
729 2374 877 2409 Sueton.
897 2375 1054 2420 August.
1075 2386 1107 2409 c.
1129 2372 1185 2408 30.

573 2434 623 2479 (6)
648 2434 768 2469 Codd.
787 2433 1000 2471 Vindobon.
1027 2433 1067 2468 16
1079 2440 1116 2468 et
1135 2447 1145 2467 1
1158 2445 1197 2467 1o
1216 2450 1221 2467 :
1244 2435 1413 2479 repperit.

574 2493 625 2538 (7)
650 2492 722 2527 All.
742 2492 1094 2535 Nordomamzicum,
1111 2491 1441 2533 Nordmanniczmz,
1461 2489 1823 2531 Nordismanmeanz,
1841 2488 1933 2523 Νον-

530 2552 759 2591 ν)ι.ἰηηι”ειιηῑ;
780 2552 830 2585 sic
848 2552 942 2585 iufra
961 2567 967 2585 ε
988 2551 1228 2586 Νοιτίιηιιηηί
1238 2578 1247 2593 ,
1267 2550 1543 2592 Nordomamzi,
1565 2555 1635 2583 etc.

575 2608 624 2652 (8)
650 2608 708 2642 Sic
727 2609 806 2643 cod.
829 2609 1041 2645 Vindobon.
1060 2608 1141 2653 654,
1157 2616 1193 2643 ct
1211 2621 1283 2643 uon
1298 2608 1388 2642 nulli
1406 2607 1463 2641 all.
1482 2628 1521 2633 -
1537 2607 1641 2640 Pertz
1655 2633 1663 2647 ,
1681 2618 1763 2640 cum
1781 2604 1934 2652 quibus—

533 2664 613 2699 dam
635 2666 737 2700 codd.
762 2667 889 2702 lios-lia.
910 2689 951 2692 —2
966 2668 1057 2703 Cod.
1075 2668 1277 2702 Florentii).
1301 2667 1435 2701 hortus:

578 2725 628 2768 (ω)
655 2726 703 2758 lizi
729 2726 829 2760 lmbcl
853 2728 897 2760 Ι),
920 2728 1031 2773 nnuq.
1053 2734 1085 2761 ct
1108 2727 1269 2772 plerique
1289 2726 1393 2762 codd.
1411 2745 1455 2752 —-
1472 2726 1573 2759 Pcrtz
1596 2740 1597 2743 ¹
1621 2726 1692 2769 qm'⁴
