1924 3183
370 174 450 211 312
887 170 1262 210 HLUDOWICUS.

369 259 720 306 commendavit
734 275 747 314 ;
774 275 918 323 quem
943 258 1022 305 ille
1046 268 1317 323 susceptum
1342 259 1391 305 in
1414 259 1667 308 Saxoniam
1687 262 1754 309 ire
1770 297 1782 317 ‚

368 346 415 383 et
433 345 765 400 opportunum
788 346 973 401 tempus
998 346 1244 400 expectare
1261 336 1425 400 jussit,
1451 354 1549 402 quo
1571 338 1639 394 ei,
1665 340 1787 385 sicut

366 414 590 478 petierat,
619 413 849 460 auxilium
868 414 994 461 ferre
1013 416 1260 478 potuisset.

943 552 1214 599 DCCCXV.

431 662 619 707 Jussum
652 671 721 708 est
751 660 810 707 ab
843 661 1130 724 imperatore
1167 670 1221 706 ut
1250 661 1457 708 Saxones
1488 671 1537 708 et
1564 659 1787 707 Abodriti

366 738 423 784 ad
447 736 569 785 hanc
598 736 952 802 expeditionem
975 748 1382 801 praepararentur,
1411 747 1789 802 temptatumque

368 816 417 862 in
453 815 531 861 illa
569 815 739 880 hyeme
779 814 960 861 duabus
995 815 1179 862 vicibus
1213 816 1249 862 si
1283 815 1416 862 Albis
1451 816 1643 863 transiri
1676 833 1790 880 pos-

366 904 435 941 set
460 894 559 957 (1),
587 893 666 941 sed
695 893 963 940 mutatione
986 892 1139 940 subita
1163 894 1282 940 aeris
1305 894 1506 941 emolliti
1531 894 1678 958 glacie
1702 893 1792 940 flu-

364 972 508 1018 minis
540 971 774 1029 resoluta,
808 972 1059 1037 negotium
1083 972 1311 1018 remansit
1344 971 1602 1029 infectum,
1638 971 1791 1019 donec

365 1048 558 1095 tandem
594 1047 765 1112 hyeme
790 1058 1047 1105 transacta,
1086 1049 1210 1094 circa
1234 1048 1446 1095 medium
1476 1047 1576 1096 fere
1611 1048 1791 1094 maium

364 1142 600 1181 mensem,
639 1136 972 1189 opportunum
1014 1124 1345 1188 proficiscendi
1388 1136 1575 1189 tempus
1610 1125 1786 1172 arrisit,

365 1205 505 1250 Tunc
523 1220 687 1251 omnes
708 1204 927 1250 Saxonici
947 1204 1144 1250 comites
1164 1220 1426 1268 omnesque
1441 1202 1790 1250 Abodritorum

365 1281 533 1344 copiae,
546 1298 656 1327 cum
666 1281 821 1345 legato
834 1281 1135 1345 imperatoris
1147 1280 1366 1327 Baldrico
1376 1281 1467 1344 (2),
1484 1281 1579 1327 sicu
1588 1291 1606 1326 t
1608 1283 1792 1344 jussum

366 1369 491 1415 erat,
511 1359 568 1405 ad
586 1359 819 1405 auxilium
838 1358 1066 1405 Harioldo
1082 1359 1154 1422 (3)
1176 1357 1427 1405 ferendum
1444 1367 1574 1404 trans
1593 1356 1792 1423 AEgido-

364 1454 468 1483 ram
486 1436 687 1482 fluvium
700 1437 750 1482 in
770 1446 946 1483 terram
961 1435 1381 1483 Nortmannorum
1399 1436 1448 1481 in
1469 1435 1578 1482 loco
1593 1435 1791 1482 nomine

365 1512 580 1560 Sinlendi
602 1514 672 1578 (4)
693 1514 1006 1578 perveniunt,
1030 1523 1077 1560 et
1097 1512 1207 1560 inde
1223 1512 1447 1577 profecti,
1465 1513 1668 1577 septimo
1687 1523 1791 1558 tan-

364 1591 473 1638 dem
501 1590 576 1638 die
601 1592 650 1637 in
680 1591 788 1638 loco
818 1591 902 1655 qui
927 1590 1104 1637 dicitur
1126 1591 1198 1655 (5)
1224 1591 1326 1622 ***
1350 1591 1399 1637 in
1426 1591 1590 1638 littore
1612 1590 1791 1637 Oceani

366 1678 513 1714 castra
534 1679 726 1732 ponunt
748 1689 758 1714 ε
782 1667 944 1733 ibique
965 1668 1146 1714 stativis
1164 1668 1328 1715 triduo
1351 1666 1549 1725 habitis,
1572 1685 1682 1714 cum
1704 1667 1790 1715 filii

364 1745 618 1794 Godofridi
632 1783 643 1803 ‚
665 1746 748 1811 qui
771 1746 865 1810 (6),
891 1756 1057 1792 contra
1083 1762 1160 1793 eos
1184 1746 1368 1810 magnis
1387 1745 1534 1809 copiis
1554 1755 1600 1792 et
1616 1743 1791 1791 ducen-

367 1835 525 1871 tarum
550 1825 744 1871 navium
769 1824 910 1871 classe
930 1833 1224 1888 comparata,
1250 1825 1297 1870 in
1320 1823 1470 1870 insula
1489 1821 1693 1887 quadam
1709 1822 1792 1868 tri-

363 1903 453 1949 bus
470 1903 680 1949 millibus
700 1922 725 1949 a
744 1903 1013 1950 continenti
1034 1912 1260 1967 separata,
1282 1900 1575 1958 residebant,
1598 1918 1707 1947 cum
1726 1901 1790 1947 eis

367 1981 593 2045 congredi
619 1998 719 2027 non
742 1981 995 2037 auderent,
1016 1980 1204 2026 vastatis
1225 1980 1595 2044 circumquaque
1622 1978 1791 2025 vicinis

414 2168 463 2211 (1)
490 2167 545 2201 Ita
564 2166 677 2200 habet
694 2166 800 2201 Pertz
821 2178 904 2200 cum
920 2165 1027 2201 codd.
1044 2167 1225 2209 Hannov.,
1242 2165 1456 2202 vindobon.
1481 2178 1492 2199 1
1505 2177 1544 2198 10
1562 2171 1598 2199 et
1611 2163 1787 2210 Amberg.

378 2248 408 2250 v—
430 2226 475 2260 D.
504 2226 620 2272 Bouq.
643 2225 795 2260 Albiam
823 2228 981 2261 transire
1000 2232 1162 2271 possent.
1190 2225 1374 2260 Freherus
1396 2240 1401 2257 τ
1425 2224 1540 2258 Albia
1559 2225 1712 2258 transiri
1725 2235 1791 2269 po-

369 2287 507 2320 luisset.

416 2354 466 2397 (2)
494 2351 565 2386 All.
591 2349 802 2394 Balrlerica,
826 2350 1062 2386 Baldcrz'clzo.

414 2420 464 2466 (5)
491 2421 545 2455 lta
563 2420 639 2454 scre
659 2432 785 2454 omnes
801 2419 964 2454 codd.—
977 2420 1023 2454 D.
1046 2420 1161 2466 Bouq.
1184 2431 1268 2453 cum
1287 2418 1405 2453 Nuen.
1427 2430 1519 2452 com.
1538 2416 1740 2451 Herz'lzolw,

415 2492 464 2534 (4)
491 2488 583 2523 Cod.
602 2488 843 2524 Vindobona.
871 2500 933 2522 110
955 2504 961 2522 :
984 2487 1191 2523 Sindlendi.
1210 2487 1363 2522 Freher.
1387 2485 1632 2521 Sialandiam.

416 2555 465 2601 (Β)
492 2556 574 2590 Haec
589 2555 696 2590 verba
715 2557 750 2589 1'71
772 2556 795 2590 l.
817 2569 850 2602 q.
868 2555 905 2590 [ἶ.
925 2554 1058 2590 desunt
1075 2568 1131 2602 ap.
1152 2555 1305 2589 Freher.
1324 2560 1361 2588 ct
1376 2553 1419 2587 D.
1442 2553 1556 2599 Bouq.

418 2626 466 2670 (0)
496 2627 600 2660 Hunc
615 2625 735 2659 locum
756 2623 959 2659 &nonarius
977 2637 1070 2659 corn.
1093 2631 1130 2659 ct
1149 2625 1192 2658 D.
1214 2624 1344 2671 bouq„
1362 2621 1471 2656 verbo
1488 2623 1552 2667 {sui
1570 2622 1720 2663 omisso!
1741 2623 1784 2655 sit

373 2688 495 2726 ’ΨΩ-ΗΠ
517 2701 521 2717 ῑ
546 2698 624 2718 cum
645 2686 714 2723 silli
733 2686 788 2724 (ἶ,
807 2692 1067 2719 ('‘›l¹l1·‹l‹?1›c....
1094 2684 1315 2723 residerent,
1338 2684 1476 2727 ipsique
1496 2694 1632 2715 cunr...
