1924 3183
321 180 401 220 364
838 178 1211 217 HLUDOWICUS.

322 269 415 324 vit,
447 277 587 331 atque
621 264 685 312 ob
712 264 802 313 hoc
829 283 938 312 cum
971 265 1235 330 praedictis,
1267 266 1349 330 qui
1388 264 1445 311 ad
1474 282 1584 312 eum
1612 267 1739 313 missi

321 344 514 390 fuerant
529 379 542 399 ,
566 343 728 407 legatis
744 378 756 398 ,
784 343 1016 390 Joannem
1042 341 1443 408 Sylvae-Candidae
1467 343 1742 406 episcopum

324 432 371 468 et
398 421 615 484 Sergium
639 419 1086 477 bibliothecarium,
1115 420 1374 480 Quirinum
1402 437 1594 485 quoque
1627 419 1744 466 sub-

325 499 578 546 diaconum
613 517 665 545 ac
695 500 905 546 Leonem
937 499 1217 563 magistrum
1246 498 1456 544 militum
1491 498 1548 544 ad
1591 499 1745 563 impe-

325 586 536 622 ratorem
564 576 709 622 misit.
733 576 824 636 Qui
853 594 961 622 cum
991 587 1089 622 tam
1115 592 1202 639 per
1228 575 1334 621 illos
1360 593 1502 640 quam
1528 592 1612 639 per
1638 592 1745 622 suos

326 653 502 717 legatos
519 652 575 699 de
595 663 889 700 sacramento
904 653 1147 717 pontificis
1168 662 1214 699 et
1233 652 1533 698 excusatione
1551 668 1747 698 reorum

328 732 632 795 comperisset
651 767 664 788 ,
706 730 825 776 nihil
863 729 950 776 sibi
983 730 1106 776 ultra
1142 730 1189 776 in
1220 729 1311 776 hoc
1342 729 1536 794 negotio
1566 729 1748 776 facien-

327 810 443 856 dum
459 821 614 866 ratus,
638 820 956 856 memoratum
979 810 1212 856 Joannem
1232 809 1509 872 episcopum
1529 817 1574 855 et
1598 808 1748 856 socios

329 890 425 950 ejus
456 887 513 933 ad
548 886 853 951 pontificem,
894 887 1004 932 dato
1039 887 1343 934 convenienti
1384 903 1633 950 responso,
1667 902 1748 933 re-

329 966 475 1011 misit.

397 1042 659 1107 Ceadragus
694 1041 1041 1090 Abodritorum
1069 1042 1289 1105 princeps
1322 1040 1748 1105 pollicitationibus

331 1121 424 1166 suis
452 1119 595 1166 fidem
618 1118 846 1167 adhibens
862 1156 874 1175 ,
902 1137 1010 1165 cum
1033 1117 1316 1183 quibusdam
1338 1117 1629 1182 primoribus
1661 1134 1749 1181 po-

330 1196 430 1260 puli
464 1197 533 1241 sui
560 1196 909 1260 Compendium
935 1197 1090 1252 venit,
1125 1194 1353 1259 dilatique
1384 1213 1468 1259 per
1494 1205 1566 1241 tot
1599 1210 1749 1240 annos

330 1273 560 1320 adventus
585 1274 656 1319 sui
683 1273 919 1320 rationem
946 1289 1106 1319 coram
1132 1272 1417 1335 imperatore
1442 1289 1543 1318 non
1568 1271 1751 1335 impro-

331 1349 556 1398 babiliter
576 1350 799 1398 reddidit.
832 1350 923 1411 Qui
952 1350 1063 1397 licet
1088 1351 1136 1396 in
1162 1349 1444 1415 quibusdam
1471 1349 1616 1395 causis
1644 1348 1751 1394 cul-

332 1427 499 1492 pabilis
541 1439 818 1493 appareret,
860 1440 1018 1475 tamen
1056 1438 1254 1492 propter
1289 1428 1457 1475 merita
1497 1436 1749 1491 parentum

333 1523 548 1563 suorum,
572 1525 670 1553 non
694 1507 849 1554 solum
869 1507 1158 1570 impunitus,
1184 1524 1349 1553 verum
1370 1505 1647 1553 muneribus
1667 1504 1750 1551 do-

335 1595 472 1630 natus
514 1583 570 1630 ad
610 1602 812 1649 regnum
855 1583 1010 1631 redire
1051 1584 1305 1648 permissus
1346 1594 1430 1630 est.
1459 1583 1667 1630 Venerat
1709 1592 1755 1628 et

335 1661 586 1708 Harioldus
623 1660 680 1708 de
724 1661 1074 1717 Nortmannia,
1114 1660 1342 1706 auxilium
1383 1670 1549 1724 petens
1588 1669 1755 1705 contra

335 1736 457 1783 filios
482 1737 738 1785 Godofridi
756 1774 768 1795 ,
806 1739 886 1802 qui
913 1756 1022 1785 eum
1046 1738 1194 1802 patria
1224 1737 1399 1802 pellere
1424 1735 1750 1792 minabantur,

335 1814 399 1860 ob
431 1817 561 1878 cujus
592 1833 777 1861 causam
808 1815 1080 1879 diligentius
1108 1814 1448 1879 explorandam
1481 1813 1537 1859 ad
1567 1812 1754 1859 eosdem

336 1892 457 1940 filios
487 1893 740 1942 Godofridi
766 1894 1084 1942 Theotharius
1111 1905 1157 1941 et
1181 1892 1557 1941 Hruodmundus
1580 1893 1599 1956 (
1613 1894 1651 1946 ι)
1676 1908 1754 1938 co-

336 1971 473 2017 mites
493 1972 620 2017 missi
646 1972 866 2029 fuerunt,
894 1972 976 2036 qui
997 1982 1042 2018 et
1067 1989 1250 2017 causam
1268 1970 1479 2016 filiorum
1498 1968 1755 2015 Godofridi

337 2059 384 2095 et
406 2059 581 2095 statum
608 2051 756 2096 totius
782 2051 916 2114 regni
950 2049 1367 2096 Nortmannorum
1395 2047 1649 2112 diligenter
1671 2064 1757 2094 ex-

337 2128 578 2191 plorantes
594 2164 605 2182 ,
634 2129 890 2175 adventum
913 2129 1122 2175 Harioldi
1149 2138 1519 2192 praecesserunt,
1543 2138 1589 2173 et
1610 2127 1756 2190 impe-

338 2207 485 2252 ratori
516 2207 701 2262 omnia,
728 2224 835 2270 quae
867 2208 916 2252 in
945 2207 1035 2252 illis
1063 2205 1336 2271 regionibus
1370 2205 1635 2269 comperire
1668 2221 1757 2269 po-

340 2293 555 2338 tuerunt,
583 2283 929 2346 patefecerunt.
955 2284 1074 2329 Cum
1098 2283 1271 2347 quibus
1298 2293 1343 2330 et
1363 2282 1469 2329 Ebo
1496 2283 1758 2328 Remorum

340 2359 743 2424 archiepiscopus,
783 2361 864 2424 qui
898 2360 1099 2407 consilio
1132 2360 1432 2423 imperatoris
1470 2369 1516 2404 et
1543 2357 1757 2403 auctori-

343 2447 435 2484 tate
455 2438 656 2484 Romani
678 2438 943 2502 pontilicis,
969 2437 1255 2502 przedicandi
1275 2438 1422 2502 gratia
1447 2436 1499 2482 ad
1528 2435 1757 2482 terminos

390 2654 438 2697 (1st
464 2654 533 2688 All.
557 2654 802 2691 li'otmundux,
820 2654 1164 2688 Ilarz'olthmundus.
1187 2653 1335 2687 Frehcr.
1355 2652 1638 2686 Rundinmzduv.
