2043 3193
490 173 533 220 cij
829 164 1144 204 TESTIMONIA
1173 162 1241 199 DE
1272 160 1553 199 EINHARDO.

487 250 653 286 diversas
670 246 890 290 sententias,
905 244 997 296 quid
1016 243 1249 296 potissimum
1269 240 1416 277 consilii
1432 248 1665 291 sequeretur,
1689 241 1895 293 expendit,

486 314 539 349 sie
567 325 630 348 eos
655 310 840 347 allocutus
867 316 922 345 est
944 322 954 344 z
981 325 997 340 «
1031 306 1114 342 Non
1136 303 1331 356 ignoratiS,
1364 303 1504 354 inquit,
1540 303 1748 341 humanum
1782 318 1900 357 genus

489 396 503 410 «ι
534 376 644 414 variis
671 374 883 424 subjectum
903 385 980 408 esse
1001 369 1161 413 casibus,
1186 375 1224 404 et
1243 366 1461 418 frequenter
1483 367 1649 414 evenire,
1668 377 1710 405 ut
1738 382 1796 405 res
1821 383 1897 405 non

490 459 505 472 «
530 439 656 485 nullae,
673 452 753 489 quae
770 435 965 473 contrariis
983 432 1100 470 initiis
1118 430 1358 476 inchoantur,
1376 430 1570 468 meliorem
1591 431 1797 482 aliquando
1818 446 1900 469 sor-

489 523 504 535 «
530 503 671 539 tiantur
693 501 851 538 exitum.
872 495 1033 535 Proinde
1056 509 1132 532 non
1153 502 1208 531 est
1228 493 1507 544 desperandum
1523 522 1532 540 ,
1557 493 1622 531 sed
1642 496 1767 545 potius
1788 509 1902 546 super

489 586 502 599 ιι
531 566 599 603 hac
622 580 682 611 re,
709 579 789 616 quie
815 571 850 600 et
880 560 1060 615 gravitate
1084 566 1119 596 et
1152 558 1316 595 novitate
1338 559 1393 595 sui
1418 566 1587 595 nostrum
1609 566 1810 609 exsuperat
1837 560 1900 596 in-

490 649 504 663 «
529 630 681 681 genium
697 656 706 674 ,
739 626 873 663 divium
895 622 1162 676 providentiae,
1191 635 1272 672 quae
1297 635 1494 672 nunquam
1516 622 1553 659 in
1573 621 1629 658 sui
1655 621 1900 673 dispositione

487 712 502 726 t(
528 691 679 736 fallitur,
695 702 851 740 quaeque
868 687 979 724 etiam
994 685 1104 722 malis
1119 684 1217 721 bene
1233 684 1283 720 uti
1300 686 1425 731 novit,
1443 684 1563 735 pietas
1579 696 1633 722 est
1647 685 1902 736 exspectanda

489 775 502 787 t(
528 763 564 792 et
591 751 814 805 expetenda.
851 749 1093 801 Quapropter
1120 755 1196 783 tam
1227 747 1344 784 tristis
1373 746 1460 784 faeti
1488 762 1507 783 a
1541 748 1688 784 notario
1711 762 1797 785 meo
1821 762 1898 785 non

487 836 501 851 «
530 818 677 868 exigam
696 828 839 866 poenas,
857 827 924 864 per
938 826 1030 863 quas
1049 809 1203 847 infamia
1225 810 1309 847 filiae
1325 825 1413 847 meae
1427 810 1546 862 magis
1564 811 1754 848 videbitur
1770 812 1900 863 augeri

487 898 502 913 ιι
526 893 640 930 quam
664 878 797 915 minui.
827 875 940 912 Unde
965 873 1116 925 dignius
1144 882 1180 910 et
1197 872 1425 910 laudabilius
1454 874 1602 925 imperii
1630 875 1747 911 nostri
1777 874 1902 926 gloriae

486 961 501 976 α
527 942 753 978 arbitramur
782 951 1012 990 congruere,
1041 945 1083 974 ut
1101 936 1186 974 data
1211 936 1472 974 adolescentiae
1503 938 1629 984 venia,
1650 938 1820 989 legitimo
1839 951 1901 976 eos

486 1022 500 1036 «
531 1003 771 1040 matrimonio
785 1000 1033 1051 conjungam,
1048 1007 1084 1036 et
1098 1000 1150 1036 rei
1168 999 1352 1050 probrosae
1368 1000 1575 1037 honestatis
1592 1001 1756 1039 colorem
1774 1015 1901 1053 super-

485 1086 500 1100 «
527 1067 676 1104 ducam.
690 1084 706 1098 υ

535 1128 647 1181 Regis
657 1129 772 1181 igitur
784 1127 909 1165 audita
926 1127 1127 1172 sententia,
1138 1126 1179 1162 fit
1192 1126 1490 1177 incomparabile
1503 1126 1701 1179 gaudium,
1714 1129 1902 1180 magnitu-

482 1193 604 1243 doque
618 1193 735 1229 animi
757 1192 836 1241 ejus
854 1205 896 1228 ac
911 1189 1161 1227 mansuetudo
1179 1189 1334 1226 summis
1357 1190 1509 1227 effertur
1529 1189 1719 1228 laudibus.
1741 1191 1900 1229 Interim

483 1255 696 1292 Einhardus
717 1256 841 1306 jussus
863 1254 991 1291 adesse
1012 1251 1235 1304 ingreditur.
1258 1252 1382 1299 Quem
1410 1266 1456 1289 ex
1486 1253 1685 1304 inopinato
1708 1268 1772 1292 rex
1794 1255 1902 1291 salu-

482 1328 584 1364 tanS,
620 1319 670 1355 ita
702 1332 787 1354 eum
819 1317 970 1368 placido
996 1316 1103 1353 vultu
1133 1315 1373 1367 alloquitur:
1406 1334 1422 1349 «
1453 1315 1536 1354 Jam
1571 1317 1715 1354 dudum
1746 1318 1900 1355 auribus

483 1398 499 1417 r<
525 1382 661 1420 nostris
682 1396 701 1418 a
722 1381 828 1418 vobis
849 1380 972 1418 delata
994 1388 1047 1418 est
1069 1380 1306 1431 querimonia
1327 1379 1429 1430 quod
1447 1381 1608 1418 servitiis
1629 1381 1763 1419 vestris
1784 1381 1899 1434 regali

483 1463 499 1484 z<
523 1445 783 1482 munificentia
807 1444 990 1482 hactenus
1011 1444 1124 1495 digne
1144 1458 1220 1480 non
1242 1442 1563 1494 responderimus,
1587 1443 1676 1491 Sed,
1698 1453 1741 1482 ut
1767 1458 1899 1482 verum

483 1526 500 1546 rt
526 1509 645 1546 fatear
659 1538 668 1555 ,
687 1509 854 1546 maxime
878 1521 992 1559 super
1011 1507 1082 1545 hoc
1104 1506 1296 1558 culpanda
1322 1515 1377 1544 est
1396 1515 1520 1544 vestra
1542 1508 1787 1560 negligentia.
1819 1509 1900 1548 Etsi

482 1588 498 1607 «
523 1573 624 1609 enim
645 1572 852 1609 sustineam
871 1579 925 1608 tot
945 1579 981 1608 et
1004 1579 1105 1607 tanta
1125 1571 1275 1622 negotia
1297 1571 1397 1606 solus
1418 1599 1427 1617 ,
1453 1579 1580 1607 tamen
1601 1572 1628 1608 si
1653 1571 1746 1623 quid
1766 1573 1900 1610 volun-

483 1650 500 1671 «
526 1636 613 1672 tatis
635 1643 764 1672 vestrae
781 1642 1017 1686 compertum
1033 1633 1267 1679 habuissem,
1283 1634 1436 1671 servitia
1460 1642 1584 1672 vestra
1605 1635 1720 1687 (ligno
1747 1635 1897 1674 fuissem

482 1714 499 1733 «
524 1706 743 1749 prosecutus
770 1697 925 1734 honore.
956 1697 1098 1733 Verum
1120 1711 1167 1734 ne
1190 1710 1255 1733 vos
1275 1695 1424 1734 diutino
1449 1710 1621 1734 sermone
1656 1699 1897 1749 protraham,

482 1777 500 1798 α
523 1761 769 1812 querimoniis
791 1760 924 1797 vestris
945 1759 1178 1811 amplissima
1205 1758 1410 1797 donatione
1432 1758 1671 1808 satisfaciam,
1702 1770 1739 1798 et
1764 1770 1805 1798 ut
1833 1776 1898 1799 vos

482 1840 499 1859 «
525 1825 640 1861 etiam
661 1824 810 1861 fidelem
830 1823 923 1860 mihi
947 1831 986 1859 ut
1005 1823 1109 1873 prius
1131 1831 1166 1859 et
1191 1822 1419 1860 benevolum
1447 1824 1600 1874 posthae
1628 1826 1803 1873 sentiam,
1822 1827 1896 1877 juri

485 1903 504 1922 «
528 1896 651 1924 vestro
668 1895 830 1938 nuptum
848 1885 993 1924 tradam
1009 1900 1131 1923 meam
1150 1886 1281 1932 filiam,
1301 1894 1461 1923 vestram
1478 1887 1620 1925 scilicet
1636 1889 1894 1939 portatrieem,

481 1966 498 1986 «
525 1965 607 2002 quae
634 1952 863 2002 quandoque
891 1950 966 1987 alte
991 1950 1181 1987 succincta
1203 1958 1334 1987 vestrae
1354 1950 1588 1988 subvectioni
1609 1952 1697 1989 satis
1721 1966 1760 1989 se
1777 1953 1898 1989 mori-

481 2030 499 2049 «
524 2028 652 2065 geram
673 2013 896 2051 exhibuit.»
928 2035 981 2042 -—-
1015 2013 1188 2050 Protinus
1222 2012 1270 2050 ad
1301 2014 1398 2065 regis
1432 2013 1623 2061 edictum,
1657 2030 1744 2052 cum
1776 2016 1896 2053 multo
1922 2024 1927 2028 ”

478 2078 658 2115 comitatu
679 2077 843 2115 adducta
864 2085 917 2114 est
941 2078 1021 2127 ejus
1042 2077 1133 2123 filia,
1149 2090 1231 2127 quae
1251 2091 1357 2114 roseo
1378 2077 1537 2114 multum
1563 2077 1711 2128 perfusa
1733 2078 1893 2126 rubore,

477 2139 615 2177 tradita
639 2148 693 2177 est
712 2154 778 2190 per
795 2154 929 2177 manus
944 2140 1060 2191 patris
1078 2140 1116 2177 in
1136 2153 1270 2176 manus
1288 2140 1455 2190 praedieti
1472 2139 1657 2178 Einhardi
1673 2170 1682 2188 ,
1705 2156 1791 2179 cum
1809 2141 1895 2180 dote

477 2203 661 2254 plurima,
684 2202 911 2254 praediorum
939 2216 1091 2253 quoque
1113 2202 1403 2249 nonnullorum,
1428 2217 1513 2240 eum
1540 2204 1748 2242 innumeris
1771 2207 1894 2243 aureis

476 2266 741 2317 argenteisque
780 2266 964 2312 donariis,
1002 2265 1160 2316 aliisque
1189 2265 1361 2316 pretiosis
1393 2266 1694 2317 supellectilibus
1708 2296 1717 2314 ,
1756 2268 1893 2319 quibus

475 2330 587 2365 etiam
604 2329 794 2379 piissimus
816 2330 1019 2380 imperator
1039 2328 1287 2366 Hludowicus
1300 2357 1309 2375 ,
1331 2337 1414 2380 post
1431 2329 1575 2366 obitum
1591 2331 1707 2380 patris
1720 2359 1729 2377 ,
1753 2330 1890 2381 praedia

476 2406 537 2428 <na
559 2421 568 2437 ,
595 2392 774 2430 videlicet
800 2392 1063 2430 Michlenstatt
1087 2400 1123 2430 et
1155 2391 1405 2439 Mulinheim,
1432 2406 1514 2444 quae
1543 2408 1646 2430 nunc
1676 2394 1893 2445 appellatur

476 2454 733 2507 Religenstatt,
751 2455 908 2494 tradidit
927 2470 1012 2494 cum
1032 2454 1247 2506 hujusmodi
1270 2455 1486 2493 donationis
1505 2455 1708 2508 privilegio
1726 2460 1796 2506 (1).

522 2624 563 2659 (ss
587 2623 674 2666 Voy.
698 2631 786 2656 cette
805 2625 923 2657 charte
941 2625 982 2657 de
1002 2625 1109 2657 Louis
1129 2624 1160 2657 lc
1180 2625 1413 2663 Delionnaiic,
1430 2631 1512 2656 tom.
1526 2625 1576 2665 II,
1591 2637 1623 2668 p.
1641 2626 1700 2669 411
1727 2633 1761 2660 et
1775 2627 1862 2660 suiv.
