2043 3193
458 206 483 241 (ἰ
1025 195 1302 237 PROLOGUS.

458 289 615 352 primo
648 287 1023 333 Tusculanarum
1047 284 1173 330 libro
1195 272 1294 346 (ι),
1323 298 1432 328 cum
1461 281 1518 329 de
1541 281 1698 328 latinis
1722 282 1876 346 scrip-

459 363 643 412 toribus
659 363 951 429 loqueretur,
976 363 1037 408 ita
1054 360 1223 406 dixisse
1238 359 1412 424 legitur
1428 378 1438 404 :
1457 358 1703 405 [Wandare
1720 376 1878 423 quem—

456 459 602 506 quam
613 479 629 499 ,
658 441 840 506 inquit,
870 440 1034 486 litteris
1059 437 1376 501 cogitationes
1399 453 1537 493 suas,
1577 436 1662 500 qai
1683 453 1766 482 eas
1789 454 1877 483 nec·

456 519 711 585 disponere
731 535 819 564 nee
842 516 1082 563 illustrare
1102 514 1286 578 possit,
1315 531 1402 560 nee
1438 512 1755 559 delectatione
1777 513 1877 559 ali-

456 614 553 661 qua
576 595 771 643 allicere
789 595 1035 650 lectorem,
1061 591 1268 638 hominis
1281 603 1351 638 est
1369 592 1741 658 intemperanter
1756 590 1876 636 aba·

457 675 594 721 tentis
626 684 670 720 et
697 674 791 720 otio
819 681 863 718 et
896 670 1076 717 litteris.
1112 670 1304 716 Poterat
1327 668 1521 735 quidem
1546 668 1647 716 haec
1670 668 1876 715 oratoris

455 751 628 817 egregii
649 749 880 798 sententia
900 765 977 795 me
996 766 1018 794 a
1043 746 1295 795 scribendo
1315 738 1581 805 deterrere,
1602 745 1692 793 nisi
1712 744 1877 792 animo

454 827 837 892 praemeditatum
862 824 1109 882 haberem,
1137 824 1391 871 hominum
1409 824 1586 889 judicia
1606 824 1769 888 potius
1794 839 1879 870 ex-

454 907 632 972 periri,
667 916 714 953 et
742 903 992 952 scribendo
1023 902 1251 968 ingenioli
1284 903 1377 950 mei
1402 902 1671 967 periculum
1693 900 1872 957 facere,

454 1001 598 1049 quam
631 984 749 1030 tanti
780 982 871 1029 viri
906 981 1213 1038 memoriam,
1245 980 1363 1027 mihi
1394 979 1664 1045 parcendo,
1698 989 1875 1043 praete-

458 1079 570 1109 rire.

1080 1224 1273 1231 νῇ

1075 1356 1254 1408 VITA

713 1507 1021 1564 KAROLI
1069 1504 1627 1564 IMPERATORIS.

523 1673 560 1717 l.
599 1670 728 1718 GENS
765 1671 838 1734 (2)
882 1670 1274 1734 Merovingorum
1316 1669 1389 1733 (3)
1410 1705 1424 1728 ,
1470 1668 1527 1716 de
1573 1686 1663 1733 qua
1708 1670 1879 1716 Franci

460 1766 589 1814 reges
621 1748 710 1794 sibi
745 1765 903 1794 creare
932 1748 1002 1811 (4)
1039 1747 1166 1794 soliti
1201 1757 1366 1803 erant,
1401 1763 1549 1810 usque
1584 1746 1635 1793 iu
1667 1747 1881 1794 Hilderi-

463 1845 571 1874 cum
591 1826 663 1892 (5)
684 1837 853 1891 'regem
867 1861 881 1882 ,
905 1826 987 1890 qui
1008 1827 1139 1889 jussu
1169 1823 1419 1888 Stephani,
1448 1825 1651 1872 Romani
1681 1826 1882 1889 pontifi-

461 1906 526 1952 cis
540 1941 553 1963 ‚
575 1905 813 1969 depositus
834 1922 885 1950 ac
904 1904 1128 1952 detonsus
1145 1939 1157 1960 ‚
1183 1913 1323 1968 atque
1348 1903 1397 1949 in
1422 1903 1762 1950 monasterium
1785 1914 1881 1950 tru-

461 2001 536 2029 sus
561 1994 654 2039 est,
680 1983 868 2028 durasse
886 1992 1098 2046 putatur.
1124 1981 1242 2041 Quae
1262 1981 1375 2028 licet
1399 1981 1449 2027 in
1469 1980 1551 2028 illo
1576 1981 1711 2027 finita
1732 1982 1881 2045 possit

462 2060 635 2117 videri,
672 2069 829 2106 tamen
855 2061 953 2121 jam
991 2058 1169 2105 dudum
1203 2058 1381 2105 nullius
1418 2058 1592 2123 vigoris
1629 2068 1755 2115 erat,
1792 2076 1880 2105 nec

461 2138 718 2202 quicquam
743 2138 791 2183 in
816 2155 863 2184 se
888 2137 1068 2183 clarum
1086 2148 1263 2201 praeter
1287 2138 1425 2184 inane
1451 2138 1573 2201 regis
1591 2136 1880 2184 vocabulum

462 2212 771 2278 praeferebat;
804 2232 915 2260 nam
945 2225 993 2261 et
1017 2231 1128 2278 opes
1152 2224 1199 2261 et
1226 2215 1442 2278 potentia
1467 2215 1602 2278 regni
1628 2231 1770 2278 penes
1797 2231 1880 2277 pa-

512 2407 561 2451 (1)
586 2406 675 2452 Cap.
696 2404 732 2440 5,

508 2467 558 2511 (2)
583 2466 641 2501 Cs.
662 2465 826 2501 Suetonii
847 2467 1074 2513 Augustum,
1094 2478 1172 2512 cap.
1198 2479 1225 2499 1.

511 2524 561 2569 (5)
586 2526 629 2559 In
655 2525 875 2572 quibusdam
902 2525 1009 2560 codd.
1038 2527 1332 2573 lilerol'ngorum,
1364 2526 1403 2560 in
1432 2525 1510 2560 aliis
1538 2525 1874 2571 BIerowingorum,

466 2585 735 2629 Aleringo1wn‚
756 2587 1048 2632 fllervingorzmz,
1071 2586 1365 2631 Blerwc'ngorum
1382 2591 1418 2619 et
1436 2585 1746 2632 filercvingorum.

513 2647 561 2691 (4)
587 2648 630 2680 In
649 2647 750 2693 quib.
772 2648 876 2682 codd.
902 2662 1081 2691 recreare,
1109 2650 1147 2683 in
1164 2649 1243 2683 aliis
1261 2660 1465 2694 procreare.

514 2705 562 2750 (5)
588 2705 658 2742 All.
680 2706 880 2741 le'ldricmn
892 2736 899 2751 ,
919 2707 1153 2751 IIildirzbum,
1180 2707 1434 2743 Childerz'cum.
