1924 3183
314 174 391 212 400
828 171 1200 211 HLUDOWICUS.

312 278 406 324 que
426 258 645 305 absolvit.
676 257 982 304 Hlotharium
1008 274 1200 323 quoque
1223 257 1375 304 filium
1398 274 1562 316 suum,
1589 260 1728 308 finito

313 337 396 383 illo
423 344 682 392 conventu,
711 335 761 381 in
783 334 967 382 Italiam
992 334 1167 382 dir-exit
1183 335 1276 399 (1),
1303 352 1355 381 ac
1379 335 1724 395 Bernhardum,

312 415 537 462 comitem
558 413 866 470 Barcinonae,
895 413 979 477 qui
1011 422 1203 460 eatenus
1235 413 1284 459 in
1309 430 1464 459 marca
1491 414 1728 478 Hispaniae

310 489 594 556 praesidebat
608 525 621 547 ,
652 490 965 536 camerarium
986 490 1055 553 (2)
1084 489 1133 535 in
1154 489 1330 553 palatio
1348 507 1433 537 suo
1457 491 1723 538 constituit.

309 570 427 616 Aliis
447 569 589 616 etiam
609 568 783 625 causis,
816 586 923 633 quae
944 567 1001 614 ad
1026 568 1151 614 illius
1172 567 1332 632 placiti
1359 569 1727 633 completionem

309 648 551 713 pertinere
579 646 883 704 videbantur,
909 663 1125 712 congruo
1148 647 1294 694 modo
1322 647 1560 712 dispositis
1586 658 1728 713 atque

311 725 584 790 completi5‚
608 725 884 790 populoque
907 724 964 770 ad
992 742 1072 771 sua
1097 725 1164 772 ire
1184 724 1404 782 dimisso,
1433 726 1528 790 ipse
1553 726 1611 772 ad
1639 743 1727 771 au—

310 804 535 851 tumnalis
571 803 836 850 venationis
874 804 1153 850 exercitium
1184 803 1241 850 ad
1271 804 1626 851 Franconofurt
1659 807 1726 867 (3)

309 883 470 928 villam
502 881 745 946 profectus
776 892 861 927 est.
898 880 1001 941 Qua
1033 891 1295 939 transacta,
1333 882 1390 928 ad
1422 882 1726 929 hiemandum

309 959 601 1025 Aquasgrani
621 976 835 1006 reversus
855 968 950 1015 est,
975 957 1057 1004 ubi
1082 969 1129 1005 et
1151 959 1340 1004 missam
1359 959 1507 1006 sancti
1528 959 1723 1006 Martini

308 1053 360 1082 ac
373 1035 679 1083 festivitatem
692 1036 746 1081 B.
763 1033 968 1081 Andreae
983 1034 1185 1099 apostoli
1199 1035 1285 1097 (4),
1305 1052 1494 1083 necnon
1509 1046 1556 1082 et
1571 1036 1725 1100 ipsum

307 1122 658 1159 sacrosanctum
685 1111 939 1158 dominicae
966 1110 1237 1157 Nativitatis
1269 1110 1394 1158 diem
1423 1128 1533 1157 cum
1556 1129 1725 1176 magna

307 1191 473 1237 laetitia
492 1200 539 1237 et
559 1189 851 1236 exultatione
877 1187 1147 1236 celebravit.

351 1376 402 1420 (ι)
427 1373 472 1407 D.
494 1373 609 1420 Bouq.
627 1384 725 1406 cum.
742 1371 906 1405 Nuenar.
924 1370 1058 1405 comite
1075 1386 1081 1404 :
1104 1372 1142 1405 in
1158 1370 1310 1405 Italiam
1326 1371 1435 1405 misit.

347 1435 401 1480 (2)
426 1433 528 1467 Pertz
541 1461 551 1476 ,
572 1444 655 1466 cum
673 1438 832 1479 quatuor
850 1429 956 1465 codd.
977 1432 1236 1465 camararium.

350 1493 400 1540 (3)
426 1493 499 1529 All.
536 1491 918 1527 Franconouuardum
935 1519 943 1534 ,
981 1489 1279 1526 Franconouurd
1293 1518 1301 1533 ‚
1346 1488 1695 1536 Franconqsurdum
1711 1518 1719 1531 ⁷·

304 1554 339 1589 F
338 1551 657 1589 ranconovurdum
664 1580 672 1595 ,
695 1551 730 1586 F
729 1550 1010 1598 rancsgfurdum.

348 1615 398 1660 (4)
424 1613 585 1648 Nuenar.
606 1623 728 1647 comes
748 1618 784 1645 et
803 1611 847 1646 D.
868 1611 984 1658 Bouq.
1007 1623 1173 1645 reversus
1195 1609 1331 1645 ibidem
1350 1610 1471 1645 sancti
1488 1609 1647 1644 Martini
1662 1615 1720 1643 at-

303 1686 372 1720 que
394 1673 493 1708 beati
508 1670 675 1707 Andreae
681 1671 943 1718 festivitatem.

747 2000 796 2026 fx
810 1997 920 2025 l’LlCl
930 1997 1019 2025 UNT
1057 1997 1174 2025 ANNA
1185 1996 1272 2023 LE&
