1924 3183
391 143 462 178 172
962 134 1208 172 KAROLL‘S.

384 224 658 290 piendarum
695 222 987 287 quarundam
1036 223 1080 267 in
1121 221 1340 283 Hispania
1387 221 1633 266 civitatum
1670 220 1791 268 hami

384 303 557 348 frustra
600 299 896 363 concipiens,
942 308 1227 361 congregato
1276 297 1509 355 exercitu,
1553 297 1792 360 profectus

388 391 480 435 est,
507 388 821 442 superatoque
842 378 890 423 in
910 377 1103 441 regione
1122 376 1415 421 Wasconum
1441 375 1629 438 Pyrinei
1648 377 1763 439 jugo
1779 410 1792 430 ,

388 458 546 522 primo
570 455 910 520 Pompelonem
928 455 1249 501 Navarrorum
1281 451 1510 516 oppidum
1534 470 1793 517 aggressus,

389 536 439 580 in
475 534 763 581 deditionem
809 532 1003 596 accepit.
1042 531 1155 577 Inde
1194 528 1426 576 Hiberum
1459 546 1645 576 amnem
1679 529 1798 575 vado

388 614 628 669 traiciens,
658 612 1056 676 Caesaraugustam
1081 610 1365 673 praecipuam
1389 608 1574 654 illarum
1592 608 1800 672 partium

388 690 625 737 civitatem
672 689 884 745 accessit,
936 688 1230 751 acceptisque
1275 703 1392 751 quos
1422 684 1713 749 ¹Ibinalarabi
1756 694 1802 730 et

389 765 743 828 Abuthaur<1),
771 782 984 829 quosque
1009 764 1087 809 alii
1122 763 1315 828 quidam
1343 763 1582 810 Sarraceni
1616 762 1801 809 obtule-

390 856 529 901 runt,
559 843 829 901 obsidibus,
858 843 1198 907 Pompelonem
1222 842 1497 889 revertitur.
1526 842 1667 905 Cujus
1695 857 1804 886 mu-

392 940 496 979 1¹08,
532 940 592 968 ne
633 920 862 968 rebellare
885 931 1066 984 posset,
1094 920 1150 966 ad
1183 920 1336 967 solum
1364 937 1510 984 usque
1545 918 1801 974 destruxit,

393 1017 444 1046 ac
469 999 650 1064 regredi
686 1009 920 1054 statuens,
949 998 1140 1063 Pyrinei
1172 998 1342 1043 saltum
1381 998 1615 1061 ingressus
1639 1007 1724 1043 est.
1752 998 1804 1042 In

396 1078 525 1140 cujus
559 1075 828 1121 summitate
851 1075 1109 1120 Wascones
1143 1073 1320 1119 insidiis
1350 1072 1616 1129 collocatis,
1646 1083 1807 1119 extre-

393 1169 525 1197 mum
543 1168 708 1215 agmen
732 1150 913 1208 adorti,
940 1160 1096 1196 totum
1120 1150 1380 1196 exercitum
1398 1167 1571 1214 magno
1598 1148 1809 1194 tumultu

396 1226 697 1292 perturbant.
737 1227 801 1272 Et
839 1227 949 1273 licet
984 1227 1152 1272 Franci
1179 1225 1495 1272 Wasconibus
1533 1237 1630 1271 tam
1669 1225 1809 1270 armis

397 1323 539 1370 quam
559 1305 727 1350 animis
744 1315 969 1368 praestare
993 1303 1270 1350 viderentur
1287 1339 1298 1360 ,
1322 1313 1481 1349 tamen
1497 1314 1543 1349 et
1562 1302 1811 1367 iniquitate

400 1381 616 1427 locorum
656 1389 703 1424 et
736 1395 906 1443 genere
940 1377 1130 1441 imparis
1166 1394 1338 1441 pugnae
1376 1376 1623 1424 inferiores
1659 1376 1811 1423 effecti

400 1466 526 1503 sunt.
552 1457 606 1501 In
632 1454 722 1502 hoc
751 1454 1008 1501 certamine
1031 1454 1246 1518 plerique
1270 1454 1561 1510 aulicorum,
1588 1470 1707 1518 quos
1729 1470 1813 1500 rex

402 1534 548 1597 copiis
585 1532 895 1596 praefecerat,
934 1529 1172 1578 interfecti
1213 1541 1347 1587 sunt,
1386 1530 1569 1594 direpta
1611 1529 1814 1593 impedi—

403 1622 583 1667 menta,
611 1622 657 1657 et
694 1611 840 1658 hostis
860 1621 1057 1674 propter
1081 1610 1302 1656 notitiam
1337 1609 1553 1657 locorum
1579 1609 1736 1654 statim
1766 1608 1813 1653 in

404 1689 583 1736 diversa
609 1688 811 1752 dilapsus
835 1698 920 1734 est.
951 1687 1091 1750 Cujus
1115 1687 1324 1733 vulneris
1353 1687 1562 1750 acceptio
1587 1687 1658 1750 (2)
1682 1703 1816 1750 mag-

408 1784 517 1812 nam
542 1776 724 1830 partem
758 1783 918 1812 rerum
944 1764 1146 1811 feliciter
1182 1765 1229 1810 in
1255 1764 1475 1828 Hispania
1506 1773 1742 1828 gestarum
1767 1763 1814 1808 in

409 1844 549 1891 corde
573 1845 695 1908 regis
719 1842 1036 1890 obnubilavit.
1070 1844 1251 1889 Interea
1276 1843 1506 1899 Saxones,
1533 1842 1663 1888 velut
1681 1858 1818 1888 occa-

411 1924 592 1969 sionem
607 1922 757 1978 nacti,
777 1921 975 1984 sumptis
992 1920 1131 1965 armis
1151 1919 1207 1966 ad
1221 1921 1433 1966 Hi‘enum
1449 1936 1595 1984 usque
1613 1917 1816 1982 profecti

409 2010 535 2045 sunt.
575 1999 663 2045 Sed
698 2016 807 2044 cum
844 2015 1031 2044 amnem
1065 1997 1261 2044 traicere
1298 2014 1397 2044 non
1431 2006 1645 2060 possent,
1677 1996 1817 2060 quic-

411 2076 526 2140 quid
548 2093 571 2121 a
592 2076 748 2121 Diutia
774 2075 961 2121 civitate
987 2092 1133 2138 usque
1168 2074 1223 2120 ad
1251 2073 1479 2121 fluentem
1510 2075 1575 2137 (ὅ)
1608 2073 1816 2120 Mosellae

457 2290 506 2333 (1)
532 2288 603 2323 All.
624 2288 820 2332 Abillmur,
841 2289 1054 2322 Abillahur.

460 2350 511 2392 (2)
537 2347 653 2382 Codd.
678 2347 889 2381 Vindobon.
911 2346 997 2391 654,
1013 2347 1106 2395 Reg.
1120 2348 1203 2381 Par.
1216 2346 1327 2394 5924,
1344 2348 1509 2382 Hannov.
1530 2354 1565 2381 et
1578 2347 1814 2382 Vindobona.

421 2419 481 2440 110
508 2413 544 2440 et
572 2418 640 2453 99⁰
675 2423 679 2439 :
711 2407 877 2441 vulneris
903 2408 1053 2452 accepti.
1084 2427 1123 2431 --
1146 2406 1327 2440 Freherus
1359 2422 1364 2439 z
1399 2419 1436 2440 υ.
1468 2408 1609 2451 accepti
1633 2405 1748 2439 dolor.
1775 2426 1819 2431 --

416 2467 459 2497 Ι).
478 2465 590 2511 Bouq.
608 2477 688 2498 cuni
703 2465 888 2499 Nuenario
902 2477 995 2499 coni.
1008 2479 1048 2500 v.
1064 2464 1426 2511 acceptirecordczlio.
1445 2485 1487 2489 ——
1503 2479 1518 2495 «
1536 2465 1630 2498 Cum
1642 2464 1712 2497 hoc
1724 2463 1813 2507 loco,

417 2525 467 2557 ait
491 2525 668 2565 pertzius,
696 2525 959 2559 substantivum
983 2524 1221 2567 desideretur,
1251 2525 1392 2570 rejectis
1412 2523 1561 2557 Freheri
1586 2530 1623 2557 et
1645 2523 1818 2557 Nuenarii

417 2584 648 2627 vmijecturis⁷
671 2598 741 2619 una
756 2599 775 2619 υ
794 2585 914 2619 littera
930 2585 1050 2619 addita
1072 2597 1214 2619 sonsum
1236 2582 1500 2618 restituendum
1520 2583 1655 2616 censui.
1675 2598 1690 2613 >a

464 2642 511 2672 (⁷ss
539 2644 578 2675 Ῐ).
594 2645 707 2691 Bouq.
727 2658 805 2678 cuni
829 2645 988 2679 Nuenar.
1011 2645 1274 2688 conrsliwnla.
1300 2643 1480 2676 Frehcriis
1499 2641 1670 2685 :flumem
