1924 3183
408 182 486 218 230
992 173 1242 212 KAROLUS.

408 276 567 313 menta
601 264 828 311 firmaret.
869 262 1041 308 Missus
1072 269 1143 307 est
1176 259 1232 305 ad
1271 259 1360 307 hoe
1389 258 1696 323 Angilbertus
1724 260 1823 322 (1),

409 343 551 391 abbas
591 341 867 388 monasterii
903 339 1061 386 Sancti
1106 337 1345 393 Richarii,
1387 354 1473 401 per
1507 354 1650 402 quem
1687 337 1828 384 etiam

409 434 525 468 tunc
550 420 608 467 ad
642 420 870 466 Sanctum
899 419 1097 465 Petrum
1126 432 1345 480 magnam
1372 424 1557 479 partem
1588 414 1825 471 thesauri,

407 516 551 564 quem
583 498 751 543 Ericus
779 497 851 560 (2)
883 494 977 541 dux
1014 493 1382 557 Forojuliensis‚
1424 491 1620 556 spoliata
1657 492 1831 538 Huno-

407 593 515 622 rum
550 576 675 640 regia
706 592 814 639 quae
847 574 1056 637 Hringus
1087 573 1156 635 (ὃ)
1191 569 1466 628 vocabatur,
1506 570 1672 617 eodem
1703 586 1831 616 anno

409 655 507 719 regi
550 654 608 700 de
645 653 889 700 Pannonia
934 650 1168 698 detulerat
1185 686 1197 706 ,
1243 649 1397 705 misit3
1441 649 1682 713 reliquum
1718 665 1833 694 vero

409 734 536 780 inter
563 732 815 796 optimates
850 741 896 777 et
928 729 1106 775 aulicos
1141 738 1432 792 caeterosque
1466 727 1513 772 in
1541 726 1717 790 palatio
1747 742 1834 772 suo

409 810 668 856 militantes
689 807 873 854 liberali
894 824 1039 852 manu
1057 805 1319 851 distribuit.
1344 804 1500 869 Atque
1519 804 1589 850 his
1609 803 1805 867 expletis
1819 838 1831 859 ,

410 891 506 954 ipse
537 905 645 934 cum
670 887 879 934 exercitu
908 887 1202 931 Francorum
1235 884 1488 930 Saxoniam
1518 882 1683 946 petiit,
1720 882 1836 945 Pip-

409 969 579 1032 pinum
605 983 718 1013 vero
745 964 897 1011 filium
919 981 1058 1009 suum
1082 980 1192 1008 cum
1217 961 1388 1008 Italicis
1410 979 1462 1007 ae
1487 960 1739 1024 Bajoaricis
1760 976 1837 1006 co-

410 1045 500 1110 piis
524 1046 574 1090 in
597 1043 895 1089 Pannoniam
921 1042 989 1087 ire
1008 1041 1164 1103 jussit.
1188 1041 1253 1086 Et
1277 1040 1374 1102 ipse
1393 1039 1611 1103 quidem,
1635 1038 1837 1084 Saxonia

412 1140 467 1169 ex
486 1139 653 1185 magna
673 1129 807 1183 parte
823 1128 1017 1175 vastata,
1046 1117 1103 1164 ad
1127 1117 1434 1164 hiemandum
1451 1116 1743 1180 Aquasgrani
1764 1116 1836 1179 (4)

412 1200 700 1253 revertitur3
738 1197 968 1261 Pippinus
999 1206 1185 1252 autem,
1222 1195 1375 1241 Hunis
1409 1206 1535 1241 trans
1561 1194 1724 1240 Tizam
1749 1193 1839 1239 ssu-

415 1279 544 1325 vium
557 1277 748 1342 fugatis,
770 1293 1031 1340 eorumque
1047 1275 1191 1339 regia,
1210 1292 1317 1339 quae
1336 1273 1584 1320 utdictum
1596 1283 1682 1329 est,
1701 1272 1842 1317 Hrin·

413 1375 516 1422 gus,
537 1374 560 1401 a
578 1353 902 1420 Langobardis
919 1363 1079 1400 autem
1097 1354 1301 1417 Campus
1319 1362 1535 1408 vocatur,
1552 1368 1606 1397 ex
1623 1360 1727 1397 toto
1744 1349 1843 1395 des-

417 1445 573 1481 tructa
592 1470 603 1490 ,
644 1434 843 1498 direptis
872 1450 993 1496 pene
1020 1430 1245 1479 omnibus
1268 1433 1525 1478 Hunorum
1549 1428 1721 1493 opibus
1738 1465 1751 1486 ,
1786 1428 1844 1474 ad

414 1523 601 1577 patrem
623 1511 909 1576 Aquisgrani
938 1509 1135 1556 hiberna
1160 1509 1415 1557 habentem
1435 1509 1594 1566 venit,
1620 1526 1672 1554 ac
1695 1507 1843 1573 spolia

417 1591 551 1654 regni
578 1607 685 1654 quae
706 1606 864 1636 secum
891 1588 1087 1644 detulit,
1117 1587 1268 1634 eidem
1288 1586 1612 1651 praesentavit.
1633 1584 1842 1632 Thudun

421 1669 561 1715 etiam
596 1667 699 1723 ille,
729 1665 785 1713 de
820 1683 918 1730 quo
955 1666 1171 1729 superius
1197 1666 1382 1712 mentio
1417 1664 1538 1711 faeta
1573 1673 1671 1723 est,
1704 1662 1845 1709 fidem

416 1746 554 1792 dietis
577 1745 670 1791 suis
702 1742 960 1799 adhibens,
998 1741 1176 1790 ibidem
1206 1742 1263 1789 ad
1298 1760 1457 1808 regem
1490 1742 1648 1798 venit,
1687 1739 1847 1804 ibique

422 1841 532 1871 cum
552 1821 776 1870 omnibus
801 1822 883 1887 qui
906 1839 1063 1868 seeum
1087 1831 1318 1869 venerant
1339 1820 1604 1885 baptizatus
1622 1837 1674 1865 ac
1692 1835 1849 1865 remu-

422 1910 636 1955 neratus,
665 1909 774 1963 post
796 1899 961 1944 datum
986 1898 1228 1944 servandae
1253 1897 1360 1944 fidei
1384 1906 1731 1943 sacramentum
1757 1894 1849 1942 do-

424 1995 557 2024 mum
580 1976 747 2033 rediit3
778 1976 856 2023 sed
882 1978 930 2022 in
949 1976 1178 2040 promissa
1205 1975 1432 2022 fidelitate
1461 1974 1533 2037 (5)
1553 1972 1635 2019 diu
1659 1990 1850 2018 manere

424 2055 608 2111 noluit,
632 2072 720 2101 nec
738 2054 894 2102 multo
913 2065 1021 2118 post
1043 2053 1256 2117 perfidiae
1280 2071 1375 2099 suae
1395 2070 1563 2117 poenas
1583 2050 1728 2099 dedit.
1749 2051 1849 2097 Rex

427 2150 569 2188 vero,
606 2143 659 2177 ut
689 2131 870 2177 dietum
910 2142 1006 2187 est,
1044 2131 1330 2195 Aquisgrani
1362 2131 1411 2175 in
1446 2128 1659 2176 hibernis
1692 2127 1852 2176 consi—

481 2331 532 2373 (1)
558 2327 630 2364 All.
649 2327 924 2374 Angz'lberduss
945 2327 1203 2373 Engilbertus.

477 2388 528 2433 (2)
553 2386 626 2422 All.
646 2387 684 2421 Ε
687 2386 829 2429 rz'clms,
850 2386 1060 2429 Heinricus,
1083 2386 1280 2421 Henricas.

478 2445 527 2491 (3)
553 2445 757 2487 Freherus,
778 2457 860 2479 cum
881 2445 961 2480 cod.
982 2445 1075 2492 Reg.
1102 2445 1216 2479 Paris.
1236 2442 1330 2491 5924
1352 2458 1358 2477 t
1380 2443 1571 2489 Rlzingu.5;
1598 2441 1680 2476 cod.
1709 2440 1852 2475 Vindo-

434 2506 518 2539 bon.
546 2517 608 2539 110
629 2520 634 2536 τ
660 2503 845 2549 lifing-zan
872 2503 951 2538 cod.
984 2504 1167 2546 Hannov.‚
1189 2503 1352 2538 Nuenar.
1373 2514 1490 2536 comes
1518 2507 1555 2535 et
1579 2501 1622 2534 D.
1654 2500 1820 2547 Bouquet
1843 2514 1849 2532 τ

440 2565 593 2609 [fingas.

482 2624 531 2667 (4)
558 2623 603 2656 D.
628 2622 793 2668 ssouquet
813 2634 896 2656 cuni
917 2622 1077 2656 Nuenar.
1099 2622 1230 2656 comite
1255 2637 1259 2654 ;
1283 2621 1527 2666 Aquasgram
1543 2619 1733 2664 palatinus

485 2680 532 2725 (53)
559 2682 651 2715 Cod.
674 2682 832 2723 Τνῡγίικ,
857 2682 1016 2715 anur.
1038 2693 1157 2715 comes
1176 2688 1208 2714 (⁸¹
1234 2681 1275 2714 D.
1300 2678 1518 2726 Bouqsidu
