2043 3193
549 181 622 230 κεί]
887 173 1202 214 TESTIMONIA
1233 171 1300 209 DE
1330 170 1611 210 EINHARDO.

598 250 738 287 Datum
760 262 799 287 lv
824 264 942 286 nonas
962 248 1073 298 junii,
1093 246 1239 283 Clu-isto
1260 243 1440 295 propitio,
1464 258 1564 281 anno
1586 257 1613 280 11
1637 244 1785 296 imperii
1807 245 1949 282 domiui

545 312 762 350 Hludowici
778 312 938 363 piissimi
954 309 1128 362 Augusti,
1146 307 1278 345 indict.
1297 320 1384 344 vm.
1401 307 1533 344 Actum
1550 307 1794 360 Aquisgrani,
1812 307 1951 359 palatio

543 376 645 428 regio
660 405 670 424 ,
696 377 734 413 iu
756 376 826 413 Dei
847 376 1000 413 nominc
1025 373 1196 410 feliciter.
1221 371 1353 408 Amen.

657 512 699 544 ΙΙ.
720 511 783 542 Ex
807 507 1090 542 DIPLOMATE
1113 505 1407 540 HLUDOWICI
1430 506 1489 538 PII
1513 504 1840 539 IMPERATORIS

635 619 698 650 pro
714 606 920 641 monasterio
936 605 974 638 S.
993 604 1138 636 ssavonis
1152 603 1344 637 Gandensis
1354 628 1362 642 ‚
1377 610 1511 646 petente
1524 603 1700 636 Einhardo
1715 603 1840 636 abbate
1852 631 1859 644 ,

1130 667 1288 688 concesso
1307 656 1363 698 (1).

1012 741 1122 783 (Ann-
1152 741 1233 781 819‚
1257 739 1392 783 Aprilis
1421 741 1491 782 13.)

600 852 646 889 In
669 852 822 889 nomine
841 851 995 889 Domini
1014 851 1086 889 Dei
1104 859 1141 889 et
1159 850 1362 889 Salvatoris
1384 850 1501 888 nostri
1517 849 1607 889 Jesu
1623 850 1778 898 Christi,
1801 850 1955 888 Hludo-

546 917 681 962 wicus,
701 916 829 954 divina
851 915 1050 954 ordinante
1070 913 1327 966 providentia,
1344 914 1555 966 Imperator
1576 915 1783 966 Augustus.
1810 914 1846 951 Si
1869 929 1955 966 erga

545 980 626 1018 loca
651 979 788 1017 divinis
809 979 969 1017 cultibus
989 979 1205 1031 mancipata
1218 1007 1229 1026 ,
1247 976 1400 1030 propter
1418 992 1585 1016 amorem
1604 978 1675 1015 Dei
1691 1006 1701 1024 ,
1724 986 1792 1015 etc.

599 1042 748 1081 Idcirco
782 1043 929 1080 noverit
954 1042 1124 1080 omnium
1152 1042 1321 1080 fidelium
1355 1050 1491 1079 sanctae
1512 1042 1582 1080 Dei
1612 1041 1789 1079 Ecclesiae
1810 1049 1956 1079 nostro-

546 1120 719 1157 rumque,
742 1106 981 1157 praesentium
998 1106 1141 1144 scilicet
1156 1120 1200 1143 ac
1217 1105 1444 1155 futurorum,
1462 1105 1628 1152 solertia,
1646 1105 1750 1156 quod
1766 1105 1822 1142 vir
1836 1119 1957 1142 vene-

544 1169 673 1206 rabilis
693 1167 938 1216 EINHARDUS,
961 1168 1077 1206 abbas
1098 1183 1143 1206 ex
1164 1170 1390 1206 monasterio
1407 1168 1509 1220 quod
1525 1168 1663 1206 dicitur
1684 1167 1834 1213 Gamla,
1856 1167 1958 1218 quod

544 1233 657 1269 situm
679 1233 795 1270 estin
832 1246 928 1284 pago
962 1231 1267 1278 Brachbatense‚
1294 1240 1551 1269 constructum
1588 1233 1626 1269 in
1657 1231 1801 1268 honore
1837 1232 1956 1269 sancti

545 1295 646 1332 Petri
679 1295 861 1346 principis
892 1295 1169 1347 apostolorum,
1207 1295 1273 1331 ubi
1303 1295 1415 1332 etiam
1446 1303 1596 1332 sanctus
1636 1293 1737 1332 Bavo
1770 1293 1959 1331 confessor

545 1357 683 1395 Christi
701 1373 857 1410 corpore
876 1359 1060 1410 quiescit,
1080 1359 1213 1396 detulit
1233 1359 1425 1396 obtutibus
1447 1359 1582 1396 nostris
1603 1358 1864 1395 auctoritatem
1884 1358 1959 1394 im-

545 1423 739 1461 munitatis
760 1424 903 1461 domini
922 1432 958 1460 et
980 1424 1159 1475 genitoris
1176 1424 1295 1460 nostri
1313 1422 1447 1460 Karoli
1464 1451 1473 1469 ‚
1492 1422 1598 1460 bonae
1616 1422 1824 1467 memoriae,
1844 1435 1959 1472 praes-

543 1486 744 1523 tantissimi
760 1486 996 1537 imperatoris
1013 1514 1023 1531 ‚
1049 1486 1087 1522 iu
1107 1501 1180 1537 qua
1200 1486 1465 1523 continebatur
1485 1487 1684 1534 insertum,
1700 1485 1863 1536 qualiter
1881 1485 1959 1535 ipse

542 1548 591 1586 ob
622 1563 789 1587 amorem
815 1549 887 1586 Dei
914 1549 1305 1600 tranquillitatemque
1336 1549 1490 1585 fratrum
1514 1549 1553 1585 in
1578 1547 1709 1585 eodem
1731 1548 1959 1585 monasterio

545 1611 763 1664 degentium
779 1641 789 1659 ‚
810 1627 957 1664 semper
977 1613 1045 1649 sub
1067 1613 1285 1664 plenissima
1317 1611 1534 1650 defensione
1555 1620 1593 1649 et
1612 1612 1860 1649 immunitatis
1880 1613 1959 1649 tui-

546 1675 647 1712 tione
671 1675 877 1715 habuisset.

600 1738 673 1777 Pro
703 1739 891 1777 firmitatis
920 1753 1084 1791 namque
1113 1739 1237 1777 studio
1263 1739 1469 1791 postulavit
1495 1739 1604 1777 nobis
1630 1738 1829 1790 praedictus
1856 1737 1958 1775 Em-

546 1815 691 1839 nmmos
719 1801 856 1852 abbas,
889 1811 930 1840 ut
954 1810 1118 1854 paternae
1147 1803 1385 1845 auctoritati,
1408 1803 1595 1840 firmitatis
1616 1802 1735 1854 gratia
1752 1831 1762 1848 ,
1790 1809 1957 1839 nostram

545 1878 695 1916 quoque
714 1865 1054 1916 superadderemus
1076 1866 1352 1904 auctoritatem.
1377 1865 1493 1916 Cujus
1517 1866 1691 1917 petitioni
1711 1865 1876 1902 libenter
1895 1879 1958 1902 as-

546 1942 696 1965 sensum
714 1928 956 1980 praebuimus,
977 1937 1013 1966 et
1029 1929 1127 1967 hanc
1145 1937 1312 1967 nostram
1333 1929 1610 1978 auctoritatem,
1629 1943 1714 1980 erga
1735 1928 1957 1979 praedictum

545 1993 814 2030 monasterium
836 1992 993 2044 ejusque
1009 2000 1170 2030 rectores
1183 2021 1193 2040 ,
1222 1993 1469 2030 immunitatis
1489 2001 1602 2044 atque
1622 1992 1793 2030 tuitionis
1814 1991 1932 2044 gratia
1946 2018 1956 2036 ‚

585 2203 630 2243 (ι)
646 2200 805 2241 Miroeus,
825 2201 939 2244 Opera
958 2202 1198 2244 Diplomazica,
1219 2209 1304 2234 tom.
1322 2203 1351 2243 Ι,
1371 2214 1445 2245 pag.
1470 2201 1518 2234 18.
1534 2220 1578 2229 -ι
1597 2202 1647 2233 Le
1669 2201 1760 2233 Mire
1776 2200 1893 2243 ajoute
1917 2211 1957 2231 cn

543 2259 624 2285 note
646 2266 654 2285 ε
673 2267 688 2283 ιι
707 2253 805 2286 Istud
823 2253 998 2285 Ludovici
1010 2253 1077 2293 Pii,
1094 2260 1132 2286 ut
1149 2259 1183 2286 et
1200 2253 1317 2286 Caroli
1333 2253 1433 2286 Calvi
1451 2254 1604 2296 itemque
1619 2252 1768 2286 Othonis
1790 2252 1822 2284 ΙΙ
1839 2250 1957 2294 diplo-

546 2310 655 2345 mata,
681 2304 717 2336 in
736 2305 889 2337 favorem
909 2305 1100 2338 Gandensis
1115 2317 1173 2338 seu
1190 2305 1355 2338 Bavonici
1377 2306 1574 2338 monasterii
1590 2317 1745 2338 concessa
1757 2330 1765 2344 ‚
1784 2304 1958 2346 hodieque

543 2356 676 2400 integra
698 2368 777 2389 cum
798 2356 920 2400 sigillis
945 2356 1013 2388 suis
1032 2356 1193 2390 Gandavi
1212 2357 1247 2389 in
1270 2357 1399 2400 palatio
1426 2356 1613 2399 episcopali
1636 2356 1861 2388 adservantur
1864 2379 1956 2388 .......

546 2414 665 2451 utpote
696 2421 713 2441 a
739 2408 948 2441 Normannis
976 2409 1095 2452 (quod
1120 2421 1237 2441 rarum
1266 2410 1301 2441 in
1331 2409 1475 2452 Belgicae
1502 2408 1738 2450 monasteriis)
1765 2418 1957 2449 numquam

545 2461 693 2501 violata,
711 2468 750 2495 ut
767 2469 917 2494 narrant.
937 2463 1123 2505 Ingruente
1137 2474 1285 2505 namque
1302 2462 1583 2496 Normannorum
1604 2461 1638 2492 in
1652 2460 1825 2502 Belgicam
1842 2464 1957 2502 irrup-

545 2514 637 2545 tione
650 2539 658 2553 ,
680 2514 840 2546 monachi
861 2514 1076 2553 Gandenses,
1097 2526 1176 2546 cum
1192 2515 1400 2548 Sanctorum
1414 2513 1617 2556 pignoribus
1632 2524 1671 2544 ac
1692 2511 1956 2553 diplomatibus,

546 2565 658 2606 primo
677 2565 986 2608 Andomaropolim
999 2591 1007 2605 ‚
1023 2566 1103 2598 inde
1120 2566 1330 2599 Laudunum
1355 2565 1550 2603 clavatum,
1576 2562 1744 2595 Picardiae
1765 2563 1899 2601 urbem,
1924 2574 1957 2594 se

546 2616 789 2656 contulerunt,
818 2618 1031 2651 declinandae
1057 2619 1266 2661 tempestati.
1293 2619 1373 2661 Quo
1402 2617 1437 2648 iu
1471 2622 1584 2648 tractu
1610 2616 1705 2647 annis
1737 2615 1813 2656 plus
1842 2614 1956 2646 miuus

546 2674 683 2699 centum
702 2669 945 2710 perstiterunt,
964 2677 1017 2709 et,
1037 2670 1139 2702 rebus
1161 2671 1297 2709 sedatis,
1320 2670 1398 2702 inde
1417 2669 1622 2702 Gandavum
1637 2693 1645 2706 ‚
1666 2667 1708 2700 ad
1736 2674 1833 2700 vetus
1855 2678 1953 2698 suum

544 2721 787 2753 monasterium
799 2722 1012 2763 postliminio
1026 2723 1218 2755 redierunt.
1239 2737 1252 2751 υ
