2043 3193
698 377 1053 446 INCIPIT
1111 365 1625 436 PROLOGUS,

462 704 631 759 Vnum
653 719 699 755 et
723 701 1156 753 conversationem,
1179 707 1225 742 et
1243 714 1298 742 ex
1321 705 1453 758 parte
1473 712 1569 742 non
1594 692 1774 739 modica
1800 710 1873 740 res

465 800 612 855 gestas
630 784 793 832 domni
818 792 864 828 et
888 777 1143 825 nutritoris
1162 774 1253 820 mei
1279 774 1439 820 Karoli
1454 809 1466 830 ,
1494 772 1871 819 excellentissimi

465 877 512 913 et
532 863 703 911 merito
724 854 1018 905 famosissimi
1039 852 1179 916 regiS‚
1196 860 1448 914 postquam
1467 847 1671 895 scribere
1691 848 1874 893 animus

467 943 601 996 tulit,
628 946 802 1003 quanta
825 932 960 998 potui
978 929 1210 976 brevitate
1228 927 1501 991 complexus
1525 943 1653 981 sum;
1683 941 1876 988 operam

466 1016 771 1082 impendens,
800 1023 855 1057 ut
877 1011 934 1057 de
958 1009 1028 1055 his
1054 1024 1160 1072 quae
1194 1004 1250 1051 ad
1280 1023 1431 1052 meam
1457 1004 1678 1051 notitiam
1701 1020 1877 1066 perve-

467 1097 573 1143 nire
606 1099 898 1157 potuerunt,
930 1085 1052 1133 nihil
1086 1083 1388 1139 omitterem,
1429 1099 1580 1147 neque
1607 1080 1879 1144 prolixitate

470 1170 695 1218 narrandi
720 1184 841 1214 nova
866 1179 1067 1228 quaeque
1091 1160 1434 1206 fastidientium
1458 1159 1641 1205 animos
1665 1156 1881 1204 offende-

469 1266 598 1303 rem3
637 1246 672 1291 si
699 1256 853 1289 tamen
883 1239 973 1286 hoc
998 1238 1097 1284 ullo
1123 1235 1266 1283 modo
1293 1236 1434 1281 vitari
1467 1244 1649 1298 potest,
1676 1244 1731 1279 ut
1759 1251 1881 1280 nova

470 1325 728 1388 scriptione
753 1321 821 1384 (1)
855 1335 953 1364 non
985 1314 1308 1370 offendantur,
1337 1313 1419 1377 qui
1447 1324 1600 1359 vetera
1634 1321 1681 1358 et
1713 1330 1736 1357 a
1770 1312 1883 1357 viris

471 1398 754 1449 doctissimis
770 1407 911 1459 atque
924 1390 1240 1439 disertissimis
1256 1388 1468 1436 confecta
1489 1397 1797 1434 monumenta
1814 1389 1882 1450 (2)

472 1476 738 1525 fastidiunt.
774 1476 836 1519 Et
869 1485 1142 1536 quanquam
1169 1469 1244 1531 (5)
1275 1467 1433 1532 plures
1463 1484 1558 1512 esse
1592 1483 1688 1512 non
1725 1466 1885 1512 ambi-

474 1574 576 1621 gam
592 1591 604 1612 ,
627 1554 709 1619 qui
736 1553 836 1599 otio
861 1567 912 1595 ac
934 1548 1104 1594 litteris
1128 1546 1303 1603 dediti,
1327 1555 1501 1590 statum
1526 1545 1611 1590 aevi
1643 1545 1887 1607 praesentis

477 1650 578 1679 non
607 1629 904 1676 arbitrentur
941 1625 1004 1669 ita
1036 1621 1397 1686 negligendum,
1436 1631 1490 1665 ut
1515 1621 1674 1667 omnia
1702 1620 1888 1683 penitus

479 1727 583 1774 quae
607 1723 737 1754 nunc
764 1704 913 1759 fiunt,
939 1701 1069 1747 velut
1100 1699 1227 1745 nulla
1251 1699 1478 1745 memoria
1504 1697 1642 1762 digna
1659 1734 1672 1754 ‚
1700 1698 1890 1745 silentio

481 1797 622 1849 atque
659 1779 893 1829 oblivioni
928 1776 1199 1832 tradantur,
1238 1775 1490 1838 potiusque
1522 1774 1693 1831 velint,
1731 1792 1891 1821 amore

484 1859 813 1909 diuturnitatis
838 1856 1007 1911 illecti,
1035 1854 1236 1900 aliorum
1263 1852 1486 1915 praeclara
1510 1851 1630 1897 facta
1656 1852 1895 1916 qualibus-

487 1956 675 2004 cunque
712 1935 898 1999 scriptis
934 1934 1163 1988 inserere,
1195 1949 1339 1995 quam
1375 1930 1443 1976 sui
1477 1931 1685 1976 nominis
1723 1930 1895 1976 famam

488 2015 779 2082 posteritatis
805 2011 1048 2058 memoriae
1073 2008 1191 2055 nihil
1216 2006 1466 2054 scribendo
1495 2007 1793 2065 subtrahere,
1828 2019 1898 2053 ta·-

494 2113 600 2141 men
623 2091 680 2138 ab
704 2087 1025 2153 hujuscemodi
1047 2086 1305 2149 scriptione
1322 2102 1421 2132 non
1440 2085 1697 2131 existimavi
1718 2097 1900 2150 tempe-

497 2172 718 2225 randum,
739 2165 930 2232 quando
954 2164 1069 2210 mihi
1093 2164 1306 2225 conscius
1325 2180 1468 2218 eram,
1492 2162 1678 2208 nullum
1699 2181 1747 2209 ea
1769 2181 1904 2210 vera-

500 2249 598 2294 cius
632 2262 771 2310 quam
807 2260 882 2288 me
918 2239 1122 2286 scribere
1154 2257 1311 2302 posse,
1344 2237 1515 2302 quibus
1551 2240 1646 2302 ipse
1678 2238 1900 2294 interfui,

502 2339 703 2389 quaeque
722 2334 928 2383 praesens
948 2315 1130 2362 oculata
1144 2351 1157 2372 ,
1185 2326 1236 2361 ut
1260 2315 1426 2360 dicunt
1446 2315 1539 2378 (4),
1563 2313 1653 2360 fide
1677 2317 1902 2379 cognovi,

553 2472 603 2511 (1)
628 2465 745 2502 Codd.
770 2465 859 2511 Reg.
879 2463 994 2498 Paris.
1013 2461 1106 2509 5925
1120 2470 1157 2497 et
1175 2461 1265 2510 5927
1284 2478 1288 2495 :
1311 2461 1563 2507 descriptione.

555 2528 603 2571 (v.)
629 2526 687 2559 Sic
702 2524 744 2557 D.
766 2524 932 2568 Bouquet
952 2533 1033 2554 cum
1056 2520 1236 2567 plerisque
1255 2520 1460 2561 codicibus3
1482 2520 1584 2552 Pertz
1600 2547 1607 2561 ‚
1631 2522 1861 2553 monimenta.

558 2584 609 2626 (5)
637 2584 715 2617 Non
736 2580 825 2615 nulli
843 2580 948 2614 codd.
968 2581 1144 2626 quamvis.

561 2645 607 2686 (ς’)
635 2643 672 2674 (1.
694 2642 782 2686 Παῖς.
804 2639 915 2673 Paris.
936 2637 1023 2680 5554
1045 2639 1207 2684 ·fe1·1ml.
