2043 3193
515 168 567 205 32
852 163 975 202 VITA
1005 162 1198 202 KAROLI
1229 161 1590 202 IMPERATORIS.

516 266 656 297 eones
675 249 770 312 (ι),
803 248 853 294 in
876 248 1048 294 summi
1071 247 1248 295 montis
1275 247 1450 294 vertice
1469 247 1632 311 positis
1659 247 1838 295 insidiis
1862 276 1925 285 —

516 337 584 373 est
619 326 747 373 enim
782 325 911 372 locus
951 343 1008 372 ex
1047 325 1280 389 opacitate
1320 324 1543 369 silvarum
1560 359 1573 381 ,
1616 342 1817 389 quarum
1857 325 1923 371 ibi

514 403 716 448 maxima
741 412 810 449 est
837 402 998 465 copia,
1022 401 1201 448 insidiis
1226 400 1458 465 ponendis
1484 411 1927 464 oportunus—-ex-

516 491 716 527 tremam
742 478 1195 543 impedimentorum
1222 490 1430 543 partem,
1457 489 1504 525 et
1527 495 1630 536 eos,
1657 479 1739 544 qui
1764 479 1928 526 novis—

516 558 621 603 simi
655 557 853 622 agminis
891 557 1185 614 incedentes,
1227 556 1436 604 subsidio
1469 556 1788 620 praecedentes
1820 567 1928 604 tue—

516 634 709 691 bantur,
756 633 955 698 desuper
993 636 1286 681 incursantes
1311 670 1324 692 ,
1372 635 1422 680 in
1463 633 1721 698 subJectam
1760 634 1928 681 vallem

515 713 743 777 dejiciunt
755 749 768 770 ,
791 723 1106 778 consertoque
1123 730 1232 758 cum
1247 713 1311 760 eis
1328 712 1515 777 praelio,
1537 731 1684 778 usque
1701 712 1758 759 ad
1778 730 1930 759 unum

518 808 682 839 omnes
707 791 1028 848 interficiunt,
1061 809 1114 837 ac
1145 791 1344 856 direptis
1371 791 1748 856 impedimentis,
1776 792 1930 838 noctis

518 869 777 926 beneficio,
805 887 912 933 quaa
940 871 1035 933 jam
1070 867 1300 926 instabat,
1339 870 1574 932 protecti,
1611 887 1790 915 summa
1822 886 1931 914 cum

521 947 758 994 celeritate
795 947 845 992 in
870 945 1048 993 diversa
1082 945 1437 1010 disperguntur.
1464 945 1725 1011 Adjuvabat
1758 947 1804 992 in
1841 945 1931 993 hoc

518 1025 644 1072 facto
663 1025 923 1072 Wascones
948 1034 995 1071 et
1018 1024 1179 1071 levitas
1199 1042 1446 1072 armorum
1459 1060 1472 1082 ,
1494 1035 1541 1071 et
1557 1025 1649 1072 loci
1674 1025 1722 1070 in
1741 1041 1838 1089 quo
1858 1041 1931 1070 res

518 1102 769 1166 gerebatur
786 1103 923 1158 situs3
945 1120 968 1149 e
988 1112 1154 1148 contra
1177 1102 1383 1148 Francos
1400 1112 1447 1148 et
1465 1118 1709 1148 armorum
1731 1101 1932 1165 gravitas

520 1189 567 1225 et
590 1179 681 1225 loci
714 1178 936 1242 iniquitas
966 1196 1051 1243 per
1081 1178 1240 1225 omnia
1266 1177 1584 1225 wasconibus
1612 1177 1816 1225 reddidit
1838 1178 1934 1223 im-

519 1273 668 1319 pares.
714 1256 767 1301 In
807 1272 904 1319 quo
942 1255 1111 1318 praelio
1147 1254 1438 1318 Eggihardus
1475 1256 1546 1318 (2)
1582 1255 1721 1319 regiae
1757 1272 1933 1302 mensae

519 1333 801 1397 praepositus
815 1368 828 1390 ,
855 1332 1104 1379 Anselmus
1122 1334 1190 1395 (ὅ)
1211 1349 1367 1379 comes
1383 1332 1568 1396 palatii,
1596 1343 1643 1379 et
1661 1332 1933 1379 Hruodlan-

519 1410 607 1458 dus
624 1412 692 1474 (4)
720 1411 1008 1457 Brittannici
1033 1411 1199 1457 limitis
1222 1410 1505 1476 praefectus,
1533 1429 1641 1457 cum
1665 1411 1766 1457 aliis
1796 1428 1933 1458 com-

517 1488 735 1554 pluribus
761 1488 1135 1536 interficiuntur,
1159 1489 1324 1553 Neque
1348 1487 1438 1535 hoc
1454 1488 1634 1535 factum
1654 1488 1710 1534 ad
1727 1507 1933 1552 praesens

518 1565 747 1611 vindicari
763 1575 967 1629 poterat,
985 1565 1092 1629 quia
1114 1564 1278 1621 hostis,
1300 1582 1352 1611 re
1369 1574 1654 1628 perpetrata,
1677 1565 1739 1610 ita
1755 1564 1933 1628 disper-

520 1661 594 1689 sus
618 1654 711 1700 est,
744 1653 798 1688 ut
819 1661 880 1690 ne
909 1642 1032 1688 fama
1063 1642 1255 1706 quidem
1278 1652 1568 1698 remaneret,
1596 1640 1792 1687 ubinam
1816 1660 1933 1706 gen-

519 1721 638 1767 tium
658 1721 728 1783 (5)
750 1721 900 1786 quaeri
927 1720 1173 1784 potuisset.

565 1927 614 1970 (ι)
640 1925 732 1960 Cod.
753 1924 916 1959 Florent.
943 1924 1128 1959 Wascont.

564 1984 614 2029 (2)
638 1983 709 2018 All.
730 1982 993 2030 Eggz'bardus,
1012 1981 1269 2028 Eggibaldus,
1289 1982 1527 2029 Eggiardus,
1547 1983 1754 2029 Egleartus,
1773 1984 1927 2030 Eglzar-

518 2043 604 2086 dus,
624 2042 879 2090 Aggilzardm,
901 2043 937 2077 A
941 2042 1130 2089 gibardus,
1150 2041 1402 2086 Eklsz'lzardus,
1425 2044 1463 2078 E
1465 2043 1678 2086 kkc'bardus,
1696 2045 1733 2079 E
1735 2043 1924 2088 lrilzardus,

518 2102 723 2137 Ekz'ardus.

564 2161 613 2208 (3)
639 2162 709 2197 All.
732 2163 975 2205 Anslzelmus,
996 2162 1221 2196 Anslzelmis.

563 2222 613 2265 (4)
638 2220 709 2255 All.
729 2220 1002 2263 Iit-uallatam,
1027 2219 1327 2263 Hruoldlandus,
1352 2219 1635 2263 Hroczdlandus,
1660 2220 1918 2265 Iit-odlandus,

516 2278 762 2322 Hrollandus,
789 2277 1048 2320 Ruodlanclus,
1076 2278 1340 2321 Ruodlannus,
1369 2277 1644 2321 Ruotlzlandus,
1669 2279 1919 2322 Buotlcmclus,

516 2336 779 2379 Rulmlandus,
799 2336 1023 2379 Rotlalzdus,
1045 2336 1271 2371 Rutlcmdus.
1286 2357 1330 2362 —
1347 2336 1438 2371 Cod.
1458 2348 1556 2371 nunc
1574 2336 1666 2382 Reg.
1688 2336 1801 2371 Paris.
1819 2336 1920 2382 (olim

518 2395 615 2429 Beat.
636 2396 743 2440 Mar.)
765 2393 848 2430 155:
871 2394 1079 2431 Hunolclus.

562 2452 611 2497 (5)
637 2453 677 2487 In
697 2452 803 2488 codd.
826 2452 1037 2490 Vindobon.
1058 2451 1126 2490 558
1143 2460 1180 2488 et
1198 2453 1390 2489 Zwetlens.
1412 2455 1572 2499 gentium
1588 2451 1699 2487 deest,
