<?xml version="1.0" encoding="UTF-8"?>
<!DOCTYPE html PUBLIC "-//W3C//DTD XHTML 1.0 Transitional//EN"
    "http://www.w3.org/TR/xhtml1/DTD/xhtml1-transitional.dtd">
<html xmlns="http://www.w3.org/1999/xhtml" xml:lang="en" lang="en">
 <head>
  <title>
</title>
<meta http-equiv="Content-Type" content="text/html;charset=utf-8" />
  <meta name='ocr-system' content='tesseract 3.04.00' />
  <meta name='ocr-capabilities' content='ocr_page ocr_carea ocr_par ocr_line ocrx_word'/>
</head>
<body>
  <div class='ocr_page' id='page_1' title='image "./einhardiomniaqua01einhuoft_0166.png"; bbox 0 0 2043 3193; ppageno 0'>
   <div class='ocr_carea' id='block_1_1' title="bbox 513 143 1589 184">
    <p class='ocr_par' dir='ltr' id='par_1_1' title="bbox 513 143 1589 184">
     <span class='ocr_line' id='line_1_1' title="bbox 513 143 1589 184; baseline -0.003 0"><span class='ocrx_word' id='word_1_1' title='bbox 513 148 560 184; x_wconf 59' lang='lat'><strong>‘1⁵3</strong></span> <span class='ocrx_word' id='word_1_2' title='bbox 849 145 968 184; x_wconf 81' lang='lat' dir='ltr'><strong>VITA</strong></span> <span class='ocrx_word' id='word_1_3' title='bbox 1000 145 1193 184; x_wconf 86' lang='lat' dir='ltr'><strong>KAROLI</strong></span> <span class='ocrx_word' id='word_1_4' title='bbox 1226 143 1589 183; x_wconf 80' lang='lat' dir='ltr'><strong>IMPERATORIS.</strong></span> 
     </span>
    </p>
   </div>
   <div class='ocr_carea' id='block_1_2' title="bbox 509 229 1950 1774">
    <p class='ocr_par' dir='ltr' id='par_1_2' title="bbox 509 229 1950 1774">
     <span class='ocr_line' id='line_1_2' title="bbox 509 229 1929 296; baseline -0.002 -17"><span class='ocrx_word' id='word_1_5' title='bbox 509 250 638 280; x_wconf 85' lang='lat' dir='ltr'><strong>anno</strong></span> <span class='ocrx_word' id='word_1_6' title='bbox 669 231 962 296; x_wconf 87' lang='lat' dir='ltr'><strong>completum</strong></span> <span class='ocrx_word' id='word_1_7' title='bbox 995 242 1080 280; x_wconf 83' lang='lat' dir='ltr'><strong>est.</strong></span> <span class='ocrx_word' id='word_1_8' title='bbox 1117 231 1259 292; x_wconf 86' lang='lat' dir='ltr'><strong>Quod</strong></span> <span class='ocrx_word' id='word_1_9' title='bbox 1292 231 1363 295; x_wconf 77' lang='grc' dir='ltr'><strong>(ι)</strong></span> <span class='ocrx_word' id='word_1_10' title='bbox 1403 229 1567 295; x_wconf 87' lang='lat' dir='ltr'><strong>praelia</strong></span> <span class='ocrx_word' id='word_1_11' title='bbox 1603 230 1652 276; x_wconf 90' lang='lat' dir='ltr'><strong>in</strong></span> <span class='ocrx_word' id='word_1_12' title='bbox 1684 247 1740 278; x_wconf 89' lang='lat' dir='ltr'><strong>eo</strong></span> <span class='ocrx_word' id='word_1_13' title='bbox 1775 240 1929 295; x_wconf 81' lang='lat' dir='ltr'><strong>gesta,</strong></span> 
     </span>
     <span class='ocr_line' id='line_1_3' title="bbox 510 308 1934 375; baseline -0.001 -21"><span class='ocrx_word' id='word_1_14' title='bbox 510 319 745 372; x_wconf 88' lang='lat' dir='ltr'><strong>quantum</strong></span> <span class='ocrx_word' id='word_1_15' title='bbox 777 311 1017 375; x_wconf 83' lang='lat' dir='ltr'><strong>sanguinis</strong></span> <span class='ocrx_word' id='word_1_16' title='bbox 1054 310 1256 358; x_wconf 82' lang='lat' dir='ltr'><strong>effusum</strong></span> <span class='ocrx_word' id='word_1_17' title='bbox 1287 309 1371 368; x_wconf 84' lang='lat' dir='ltr'><strong>sit,</strong></span> <span class='ocrx_word' id='word_1_18' title='bbox 1405 317 1604 355; x_wconf 81' lang='lat' dir='ltr'><strong>testatur</strong></span> <span class='ocrx_word' id='word_1_19' title='bbox 1632 324 1775 354; x_wconf 85' lang='lat' dir='ltr'><strong>vacua</strong></span> <span class='ocrx_word' id='word_1_20' title='bbox 1801 308 1934 355; x_wconf 89' lang='lat' dir='ltr'><strong>omni</strong></span> 
     </span>
     <span class='ocr_line' id='line_1_4' title="bbox 513 385 1937 452; baseline 0.001 -20"><span class='ocrx_word' id='word_1_21' title='bbox 513 385 781 436; x_wconf 84' lang='lat' dir='ltr'><strong>habitatore</strong></span> <span class='ocrx_word' id='word_1_22' title='bbox 806 389 880 452; x_wconf 85' lang='lat'><strong>(2)</strong></span> <span class='ocrx_word' id='word_1_23' title='bbox 916 389 1187 445; x_wconf 88' lang='lat' dir='ltr'><strong>Pannonia,</strong></span> <span class='ocrx_word' id='word_1_24' title='bbox 1230 398 1277 435; x_wconf 90' lang='lat' dir='ltr'><strong>et</strong></span> <span class='ocrx_word' id='word_1_25' title='bbox 1311 387 1444 436; x_wconf 90' lang='lat' dir='ltr'><strong>locus</strong></span> <span class='ocrx_word' id='word_1_26' title='bbox 1475 387 1525 433; x_wconf 91' lang='lat' dir='ltr'><strong>in</strong></span> <span class='ocrx_word' id='word_1_27' title='bbox 1553 404 1652 452; x_wconf 91' lang='lat' dir='ltr'><strong>quo</strong></span> <span class='ocrx_word' id='word_1_28' title='bbox 1692 387 1817 452; x_wconf 82' lang='lat' dir='ltr'><strong>regia</strong></span> <span class='ocrx_word' id='word_1_29' title='bbox 1840 388 1937 434; x_wconf 90' lang='lat' dir='ltr'><strong>Ka-</strong></span> 
     </span>
     <span class='ocr_line' id='line_1_5' title="bbox 511 463 1938 531; baseline -0.001 -20"><span class='ocrx_word' id='word_1_30' title='bbox 511 466 621 529; x_wconf 81' lang='lat' dir='ltr'><strong>gani</strong></span> <span class='ocrx_word' id='word_1_31' title='bbox 640 466 712 530; x_wconf 76' lang='lat'><strong>(3)</strong></span> <span class='ocrx_word' id='word_1_32' title='bbox 733 478 834 514; x_wconf 87' lang='lat' dir='ltr'><strong>erat</strong></span> <span class='ocrx_word' id='word_1_33' title='bbox 848 503 860 524; x_wconf 92' lang='lat'><strong><em>,</em></strong></span> <span class='ocrx_word' id='word_1_34' title='bbox 884 468 946 514; x_wconf 88' lang='lat' dir='ltr'><strong>ita</strong></span> <span class='ocrx_word' id='word_1_35' title='bbox 966 467 1177 514; x_wconf 88' lang='lat' dir='ltr'><strong>desertus</strong></span> <span class='ocrx_word' id='word_1_36' title='bbox 1191 502 1204 524; x_wconf 86' lang='lat'><strong><em>,</em></strong></span> <span class='ocrx_word' id='word_1_37' title='bbox 1229 476 1282 513; x_wconf 85' lang='lat' dir='ltr'><strong>ut</strong></span> <span class='ocrx_word' id='word_1_38' title='bbox 1300 483 1360 514; x_wconf 92' lang='lat' dir='ltr'><strong>ne</strong></span> <span class='ocrx_word' id='word_1_39' title='bbox 1379 466 1448 529; x_wconf 74' lang='grc'><strong>(4)</strong></span> <span class='ocrx_word' id='word_1_40' title='bbox 1470 465 1721 530; x_wconf 80' lang='lat' dir='ltr'><strong>vestigium</strong></span> <span class='ocrx_word' id='word_1_41' title='bbox 1744 463 1938 531; x_wconf 83' lang='lat' dir='ltr'><strong>quidem</strong></span> 
     </span>
     <span class='ocr_line' id='line_1_6' title="bbox 515 539 1940 609; baseline -0.001 -20"><span class='ocrx_word' id='word_1_42' title='bbox 515 544 564 590; x_wconf 90' lang='lat' dir='ltr'><strong>in</strong></span> <span class='ocrx_word' id='word_1_43' title='bbox 599 560 657 591; x_wconf 91' lang='lat' dir='ltr'><strong>eo</strong></span> <span class='ocrx_word' id='word_1_44' title='bbox 700 544 923 592; x_wconf 88' lang='lat' dir='ltr'><strong>humanae</strong></span> <span class='ocrx_word' id='word_1_45' title='bbox 961 544 1269 592; x_wconf 81' lang='lat' dir='ltr'>habitationis</span> <span class='ocrx_word' id='word_1_46' title='bbox 1302 552 1541 609; x_wconf 77' lang='lat' dir='ltr'>appareat.</span> <span class='ocrx_word' id='word_1_47' title='bbox 1583 543 1706 589; x_wconf 89' lang='lat' dir='ltr'><strong>Tota</strong></span> <span class='ocrx_word' id='word_1_48' title='bbox 1752 542 1803 588; x_wconf 91' lang='lat' dir='ltr'><strong>in</strong></span> <span class='ocrx_word' id='word_1_49' title='bbox 1846 539 1940 589; x_wconf 91' lang='lat' dir='ltr'><strong>hoc</strong></span> 
     </span>
     <span class='ocr_line' id='line_1_7' title="bbox 514 617 1936 686; baseline -0.002 -21"><span class='ocrx_word' id='word_1_50' title='bbox 514 618 643 667; x_wconf 87' lang='lat' dir='ltr'><strong>bello</strong></span> <span class='ocrx_word' id='word_1_51' title='bbox 674 621 929 668; x_wconf 87' lang='lat' dir='ltr'>Hunorum</span> <span class='ocrx_word' id='word_1_52' title='bbox 964 620 1189 668; x_wconf 82' lang='lat' dir='ltr'>nobilitas</span> <span class='ocrx_word' id='word_1_53' title='bbox 1217 621 1389 686; x_wconf 82' lang='lat' dir='ltr'><strong>periit,</strong></span> <span class='ocrx_word' id='word_1_54' title='bbox 1425 629 1524 667; x_wconf 85' lang='lat' dir='ltr'><strong>tota</strong></span> <span class='ocrx_word' id='word_1_55' title='bbox 1554 618 1704 684; x_wconf 82' lang='lat' dir='ltr'><strong>gloria</strong></span> <span class='ocrx_word' id='word_1_56' title='bbox 1744 617 1936 665; x_wconf 81' lang='lat' dir='ltr'>decidit.</span> 
     </span>
     <span class='ocr_line' id='line_1_8' title="bbox 516 696 1939 764; baseline -0.004 -19"><span class='ocrx_word' id='word_1_57' title='bbox 516 697 682 745; x_wconf 90' lang='lat' dir='ltr'><strong>Omnis</strong></span> <span class='ocrx_word' id='word_1_58' title='bbox 707 700 907 764; x_wconf 88' lang='lat' dir='ltr'><strong>pecunia</strong></span> <span class='ocrx_word' id='word_1_59' title='bbox 934 709 981 748; x_wconf 89' lang='lat' dir='ltr'><strong>et</strong></span> <span class='ocrx_word' id='word_1_60' title='bbox 1006 701 1215 764; x_wconf 83' lang='lat' dir='ltr'><strong>congesti</strong></span> <span class='ocrx_word' id='word_1_61' title='bbox 1241 718 1297 748; x_wconf 89' lang='lat' dir='ltr'><strong>ex</strong></span> <span class='ocrx_word' id='word_1_62' title='bbox 1322 699 1469 764; x_wconf 83' lang='lat' dir='ltr'><strong>longo</strong></span> <span class='ocrx_word' id='word_1_63' title='bbox 1492 707 1709 762; x_wconf 82' lang='lat' dir='ltr'><strong>tempore</strong></span> <span class='ocrx_word' id='word_1_64' title='bbox 1734 696 1939 744; x_wconf 83' lang='lat' dir='ltr'><strong>thesauri</strong></span> 
     </span>
     <span class='ocr_line' id='line_1_9' title="bbox 515 775 1942 842; baseline -0.001 -21"><span class='ocrx_word' id='word_1_65' title='bbox 515 775 689 840; x_wconf 81' lang='lat' dir='ltr'><strong>direpti</strong></span> <span class='ocrx_word' id='word_1_66' title='bbox 713 778 784 840; x_wconf 82' lang='lat'><strong>(5)</strong></span> <span class='ocrx_word' id='word_1_67' title='bbox 810 788 950 834; x_wconf 91' lang='lat' dir='ltr'><strong>sunt,</strong></span> <span class='ocrx_word' id='word_1_68' title='bbox 978 795 1134 842; x_wconf 89' lang='lat' dir='ltr'><strong>neque</strong></span> <span class='ocrx_word' id='word_1_69' title='bbox 1157 778 1310 824; x_wconf 89' lang='lat' dir='ltr'><strong>ullum</strong></span> <span class='ocrx_word' id='word_1_70' title='bbox 1336 777 1517 824; x_wconf 87' lang='lat' dir='ltr'><strong>bellum</strong></span> <span class='ocrx_word' id='word_1_71' title='bbox 1541 785 1710 823; x_wconf 84' lang='lat' dir='ltr'><strong>contra</strong></span> <span class='ocrx_word' id='word_1_72' title='bbox 1734 776 1942 822; x_wconf 80' lang='lat' dir='ltr'><strong>Francos</strong></span> 
     </span>
     <span class='ocr_line' id='line_1_10' title="bbox 517 851 1943 919; baseline -0.003 -19"><span class='ocrx_word' id='word_1_73' title='bbox 517 865 736 901; x_wconf 89' lang='lat' dir='ltr'><strong>exortum</strong></span> <span class='ocrx_word' id='word_1_74' title='bbox 763 854 967 902; x_wconf 87' lang='lat' dir='ltr'><strong>humana</strong></span> <span class='ocrx_word' id='word_1_75' title='bbox 1000 865 1158 919; x_wconf 88' lang='lat' dir='ltr'><strong>potest</strong></span> <span class='ocrx_word' id='word_1_76' title='bbox 1180 856 1410 902; x_wconf 90' lang='lat' dir='ltr'><strong>memoria</strong></span> <span class='ocrx_word' id='word_1_77' title='bbox 1447 854 1684 902; x_wconf 85' lang='lat' dir='ltr'><strong>recordari</strong></span> <span class='ocrx_word' id='word_1_78' title='bbox 1702 889 1714 910; x_wconf 88' lang='lat'><em>‚</em></span> <span class='ocrx_word' id='word_1_79' title='bbox 1742 870 1841 918; x_wconf 93' lang='lat' dir='ltr'><strong>quo</strong></span> <span class='ocrx_word' id='word_1_80' title='bbox 1872 851 1943 898; x_wconf 92' lang='lat' dir='ltr'><strong>illi</strong></span> 
     </span>
     <span class='ocr_line' id='line_1_11' title="bbox 518 932 1944 997; baseline -0.001 -20"><span class='ocrx_word' id='word_1_81' title='bbox 518 933 664 996; x_wconf 81' lang='lat' dir='ltr'><strong>magis</strong></span> <span class='ocrx_word' id='word_1_82' title='bbox 694 933 830 979; x_wconf 90' lang='lat' dir='ltr'><strong>ditati</strong></span> <span class='ocrx_word' id='word_1_83' title='bbox 870 942 918 979; x_wconf 90' lang='lat' dir='ltr'><strong>et</strong></span> <span class='ocrx_word' id='word_1_84' title='bbox 948 932 1118 997; x_wconf 88' lang='lat' dir='ltr'><strong>opibus</strong></span> <span class='ocrx_word' id='word_1_85' title='bbox 1152 934 1277 980; x_wconf 88' lang='lat' dir='ltr'><strong>aucti</strong></span> <span class='ocrx_word' id='word_1_86' title='bbox 1301 934 1415 979; x_wconf 84' lang='lat' dir='ltr'><strong>sint.</strong></span> <span class='ocrx_word' id='word_1_87' title='bbox 1449 932 1637 996; x_wconf 83' lang='lat' dir='ltr'><strong>Quippe</strong></span> <span class='ocrx_word' id='word_1_88' title='bbox 1661 948 1771 977; x_wconf 88' lang='lat' dir='ltr'><strong>cum</strong></span> <span class='ocrx_word' id='word_1_89' title='bbox 1795 946 1944 995; x_wconf 86' lang='lat' dir='ltr'><strong>usque</strong></span> 
     </span>
     <span class='ocr_line' id='line_1_12' title="bbox 520 1008 1943 1076; baseline -0.002 -21"><span class='ocrx_word' id='word_1_90' title='bbox 520 1009 570 1056; x_wconf 90' lang='lat' dir='ltr'><strong>in</strong></span> <span class='ocrx_word' id='word_1_91' title='bbox 592 1009 639 1056; x_wconf 88' lang='lat' dir='ltr'><strong>id</strong></span> <span class='ocrx_word' id='word_1_92' title='bbox 658 1010 887 1074; x_wconf 89' lang='lat' dir='ltr'><strong>temporis</strong></span> <span class='ocrx_word' id='word_1_93' title='bbox 911 1028 1031 1075; x_wconf 89' lang='lat' dir='ltr'><strong>pene</strong></span> <span class='ocrx_word' id='word_1_94' title='bbox 1057 1028 1286 1076; x_wconf 83' lang='lat' dir='ltr'><strong>pauperes</strong></span> <span class='ocrx_word' id='word_1_95' title='bbox 1311 1010 1607 1066; x_wconf 84' lang='lat' dir='ltr'><strong>viderentur,</strong></span> <span class='ocrx_word' id='word_1_96' title='bbox 1628 1019 1817 1055; x_wconf 86' lang='lat' dir='ltr'><strong>tantum</strong></span> <span class='ocrx_word' id='word_1_97' title='bbox 1841 1008 1943 1053; x_wconf 87' lang='lat' dir='ltr'><strong>auri</strong></span> 
     </span>
     <span class='ocr_line' id='line_1_13' title="bbox 519 1086 1944 1154; baseline -0.004 -18"><span class='ocrx_word' id='word_1_98' title='bbox 519 1098 567 1136; x_wconf 86' lang='lat' dir='ltr'><strong>et</strong></span> <span class='ocrx_word' id='word_1_99' title='bbox 604 1089 787 1152; x_wconf 81' lang='lat' dir='ltr'><strong>argenti</strong></span> <span class='ocrx_word' id='word_1_100' title='bbox 827 1089 876 1135; x_wconf 91' lang='lat' dir='ltr'><strong>in</strong></span> <span class='ocrx_word' id='word_1_101' title='bbox 913 1090 1039 1154; x_wconf 78' lang='lat' dir='ltr'><strong>regia</strong></span> <span class='ocrx_word' id='word_1_102' title='bbox 1065 1100 1338 1153; x_wconf 88' lang='lat' dir='ltr'><strong>repertum,</strong></span> <span class='ocrx_word' id='word_1_103' title='bbox 1366 1099 1441 1138; x_wconf 89' lang='lat' dir='ltr'><strong>tot</strong></span> <span class='ocrx_word' id='word_1_104' title='bbox 1475 1088 1621 1153; x_wconf 90' lang='lat' dir='ltr'><strong>spolia</strong></span> <span class='ocrx_word' id='word_1_105' title='bbox 1655 1087 1863 1152; x_wconf 86' lang='lat' dir='ltr'><strong>pretiosa</strong></span> <span class='ocrx_word' id='word_1_106' title='bbox 1895 1086 1944 1132; x_wconf 91' lang='lat' dir='ltr'><strong>in</strong></span> 
     </span>
     <span class='ocr_line' id='line_1_14' title="bbox 519 1164 1946 1231; baseline -0.003 -19"><span class='ocrx_word' id='word_1_107' title='bbox 519 1167 697 1230; x_wconf 86' lang='lat' dir='ltr'><strong>praeliis</strong></span> <span class='ocrx_word' id='word_1_108' title='bbox 723 1166 935 1226; x_wconf 82' lang='lat' dir='ltr'><strong>sublata,</strong></span> <span class='ocrx_word' id='word_1_109' title='bbox 965 1178 1021 1213; x_wconf 87' lang='lat' dir='ltr'><strong>ut</strong></span> <span class='ocrx_word' id='word_1_110' title='bbox 1047 1169 1221 1214; x_wconf 87' lang='lat' dir='ltr'><strong>merito</strong></span> <span class='ocrx_word' id='word_1_111' title='bbox 1254 1167 1380 1215; x_wconf 88' lang='lat' dir='ltr'><strong>credi</strong></span> <span class='ocrx_word' id='word_1_112' title='bbox 1411 1167 1586 1231; x_wconf 87' lang='lat' dir='ltr'><strong>possit,</strong></span> <span class='ocrx_word' id='word_1_113' title='bbox 1619 1164 1709 1213; x_wconf 90' lang='lat' dir='ltr'><strong>hoc</strong></span> <span class='ocrx_word' id='word_1_114' title='bbox 1738 1165 1946 1211; x_wconf 81' lang='lat' dir='ltr'><strong>Francos</strong></span> 
     </span>
     <span class='ocr_line' id='line_1_15' title="bbox 520 1241 1947 1309; baseline -0.001 -21"><span class='ocrx_word' id='word_1_115' title='bbox 520 1244 673 1290; x_wconf 91' lang='lat' dir='ltr'><strong>Hunis</strong></span> <span class='ocrx_word' id='word_1_116' title='bbox 696 1246 823 1307; x_wconf 86' lang='lat' dir='ltr'><strong>juste</strong></span> <span class='ocrx_word' id='word_1_117' title='bbox 853 1245 1078 1309; x_wconf 87' lang='lat' dir='ltr'><strong>eripuisse</strong></span> <span class='ocrx_word' id='word_1_118' title='bbox 1097 1281 1112 1304; x_wconf 86' lang='lat'><strong><em>,</em></strong></span> <span class='ocrx_word' id='word_1_119' title='bbox 1143 1244 1274 1309; x_wconf 88' lang='lat' dir='ltr'><strong>quod</strong></span> <span class='ocrx_word' id='word_1_120' title='bbox 1298 1245 1426 1290; x_wconf 88' lang='lat' dir='ltr'><strong>Huni</strong></span> <span class='ocrx_word' id='word_1_121' title='bbox 1449 1245 1580 1307; x_wconf 90' lang='lat' dir='ltr'><strong>prius</strong></span> <span class='ocrx_word' id='word_1_122' title='bbox 1604 1243 1706 1290; x_wconf 88' lang='lat' dir='ltr'><strong>aliis</strong></span> <span class='ocrx_word' id='word_1_123' title='bbox 1725 1241 1947 1308; x_wconf 78' lang='lat' dir='ltr'><strong>gentibus</strong></span> 
     </span>
     <span class='ocr_line' id='line_1_16' title="bbox 522 1319 1947 1386; baseline -0.001 -20"><span class='ocrx_word' id='word_1_124' title='bbox 522 1322 693 1385; x_wconf 83' lang='lat' dir='ltr'><strong>injuste</strong></span> <span class='ocrx_word' id='word_1_125' title='bbox 720 1323 1020 1386; x_wconf 87' lang='lat' dir='ltr'><strong>eripuerunt.</strong></span> <span class='ocrx_word' id='word_1_126' title='bbox 1051 1324 1158 1370; x_wconf 89' lang='lat' dir='ltr'><strong>Duo</strong></span> <span class='ocrx_word' id='word_1_127' title='bbox 1184 1332 1374 1369; x_wconf 86' lang='lat' dir='ltr'><strong>tantum</strong></span> <span class='ocrx_word' id='word_1_128' title='bbox 1407 1340 1463 1369; x_wconf 84' lang='lat' dir='ltr'><strong>ex</strong></span> <span class='ocrx_word' id='word_1_129' title='bbox 1485 1319 1766 1386; x_wconf 85' lang='lat' dir='ltr'><strong>proceribus</strong></span> <span class='ocrx_word' id='word_1_130' title='bbox 1795 1320 1947 1366; x_wconf 89' lang='lat' dir='ltr'><strong>Fran—</strong></span> 
     </span>
     <span class='ocr_line' id='line_1_17' title="bbox 522 1396 1945 1465; baseline -0.002 -20"><span class='ocrx_word' id='word_1_131' title='bbox 522 1417 687 1446; x_wconf 88' lang='lat' dir='ltr'><strong>corum</strong></span> <span class='ocrx_word' id='word_1_132' title='bbox 714 1417 769 1446; x_wconf 94' lang='lat' dir='ltr'><strong>eo</strong></span> <span class='ocrx_word' id='word_1_133' title='bbox 800 1399 928 1447; x_wconf 89' lang='lat' dir='ltr'><strong>bello</strong></span> <span class='ocrx_word' id='word_1_134' title='bbox 951 1400 1226 1465; x_wconf 87' lang='lat' dir='ltr'><strong>perierunt,</strong></span> <span class='ocrx_word' id='word_1_135' title='bbox 1254 1400 1443 1446; x_wconf 85' lang='lat' dir='ltr'><strong>AEricus</strong></span> <span class='ocrx_word' id='word_1_136' title='bbox 1469 1398 1538 1462; x_wconf 84' lang='grc'><strong>(6)</strong></span> <span class='ocrx_word' id='word_1_137' title='bbox 1572 1397 1667 1444; x_wconf 85' lang='lat' dir='ltr'><strong>dux</strong></span> <span class='ocrx_word' id='word_1_138' title='bbox 1691 1396 1945 1460; x_wconf 85' lang='lat' dir='ltr'><strong>Forojula-</strong></span> 
     </span>
     <span class='ocr_line' id='line_1_18' title="bbox 521 1474 1945 1541; baseline -0.003 -19"><span class='ocrx_word' id='word_1_139' title='bbox 521 1494 611 1522; x_wconf 87' lang='lat' dir='ltr'><strong>nus</strong></span> <span class='ocrx_word' id='word_1_140' title='bbox 629 1477 695 1540; x_wconf 85' lang='lat'><strong>(7)</strong></span> <span class='ocrx_word' id='word_1_141' title='bbox 709 1513 721 1532; x_wconf 82' lang='lat'><em>‚</em></span> <span class='ocrx_word' id='word_1_142' title='bbox 742 1477 790 1522; x_wconf 88' lang='lat' dir='ltr'><strong>in</strong></span> <span class='ocrx_word' id='word_1_143' title='bbox 808 1475 1179 1541; x_wconf 79' lang='lat' dir='ltr'><strong>Liburniajuxta</strong></span> <span class='ocrx_word' id='word_1_144' title='bbox 1197 1475 1519 1522; x_wconf 85' lang='lat' dir='ltr'><strong>Tharsaticam</strong></span> <span class='ocrx_word' id='word_1_145' title='bbox 1535 1476 1604 1539; x_wconf 87' lang='grc'><strong>(8)</strong></span> <span class='ocrx_word' id='word_1_146' title='bbox 1617 1511 1631 1532; x_wconf 82' lang='lat'><em>,</em></span> <span class='ocrx_word' id='word_1_147' title='bbox 1652 1474 1945 1520; x_wconf 80' lang='lat' dir='ltr'><strong>maritimam</strong></span> 
     </span>
     <span class='ocr_line' id='line_1_19' title="bbox 523 1551 1950 1618; baseline 0 -20"><span class='ocrx_word' id='word_1_148' title='bbox 523 1554 781 1611; x_wconf 80' lang='lat' dir='ltr'><strong>civitatem,</strong></span> <span class='ocrx_word' id='word_1_149' title='bbox 807 1555 987 1600; x_wconf 85' lang='lat' dir='ltr'><strong>insidiis</strong></span> <span class='ocrx_word' id='word_1_150' title='bbox 1004 1555 1357 1618; x_wconf 84' lang='lat' dir='ltr'><strong>oppidanorum</strong></span> <span class='ocrx_word' id='word_1_151' title='bbox 1373 1555 1689 1617; x_wconf 85' lang='lat' dir='ltr'><strong>interceptus,</strong></span> <span class='ocrx_word' id='word_1_152' title='bbox 1715 1563 1760 1599; x_wconf 86' lang='lat' dir='ltr'><strong>et</strong></span> <span class='ocrx_word' id='word_1_153' title='bbox 1779 1551 1950 1599; x_wconf 83' lang='lat' dir='ltr'><strong>Gerol-</strong></span> 
     </span>
     <span class='ocr_line' id='line_1_20' title="bbox 522 1631 1949 1696; baseline -0.001 -19"><span class='ocrx_word' id='word_1_154' title='bbox 522 1631 608 1678; x_wconf 86' lang='lat' dir='ltr'><strong>dus</strong></span> <span class='ocrx_word' id='word_1_155' title='bbox 634 1632 701 1695; x_wconf 79' lang='lat'><strong>(9)</strong></span> <span class='ocrx_word' id='word_1_156' title='bbox 721 1634 946 1696; x_wconf 82' lang='lat' dir='ltr'><strong>Baj0ariae</strong></span> <span class='ocrx_word' id='word_1_157' title='bbox 967 1632 1221 1696; x_wconf 64' lang='lat' dir='ltr'><strong>praefectus</strong></span> <span class='ocrx_word' id='word_1_158' title='bbox 1240 1668 1252 1688; x_wconf 89' lang='lat'><strong><em>‚</em></strong></span> <span class='ocrx_word' id='word_1_159' title='bbox 1275 1633 1322 1679; x_wconf 86' lang='lat' dir='ltr'><strong>in</strong></span> <span class='ocrx_word' id='word_1_160' title='bbox 1342 1633 1586 1679; x_wconf 89' lang='lat' dir='ltr'><strong>Pannonia</strong></span> <span class='ocrx_word' id='word_1_161' title='bbox 1600 1668 1614 1689; x_wconf 91' lang='lat'><strong><em>,</em></strong></span> <span class='ocrx_word' id='word_1_162' title='bbox 1645 1649 1755 1678; x_wconf 82' lang='lat' dir='ltr'><strong>cum</strong></span> <span class='ocrx_word' id='word_1_163' title='bbox 1779 1639 1949 1678; x_wconf 86' lang='lat' dir='ltr'><strong>contra</strong></span> 
     </span>
     <span class='ocr_line' id='line_1_21' title="bbox 522 1709 1949 1774; baseline -0.001 -19"><span class='ocrx_word' id='word_1_164' title='bbox 522 1710 688 1756; x_wconf 89' lang='lat' dir='ltr'><strong>Hunos</strong></span> <span class='ocrx_word' id='word_1_165' title='bbox 714 1709 1016 1774; x_wconf 82' lang='lat' dir='ltr'><strong>praeliaturus</strong></span> <span class='ocrx_word' id='word_1_166' title='bbox 1040 1710 1189 1756; x_wconf 88' lang='lat' dir='ltr'><strong>aciem</strong></span> <span class='ocrx_word' id='word_1_167' title='bbox 1218 1711 1476 1757; x_wconf 86' lang='lat' dir='ltr'><strong>instrueret</strong></span> <span class='ocrx_word' id='word_1_168' title='bbox 1499 1710 1624 1773; x_wconf 87' lang='grc' dir='ltr'>(1ο),</span> <span class='ocrx_word' id='word_1_169' title='bbox 1661 1710 1901 1755; x_wconf 88' lang='lat' dir='ltr'><strong>incertum</strong></span> <span class='ocrx_word' id='word_1_170' title='bbox 1926 1725 1949 1753; x_wconf 86' lang='lat' dir='ltr'><strong>a</strong></span> 
     </span>
    </p>
   </div>
   <div class='ocr_carea' id='block_1_3' title="bbox 526 1893 1950 2178">
    <p class='ocr_par' dir='ltr' id='par_1_3' title="bbox 571 1893 1503 1941">
     <span class='ocr_line' id='line_1_22' title="bbox 571 1893 1503 1941; baseline -0.001 -13"><span class='ocrx_word' id='word_1_171' title='bbox 571 1896 620 1939; x_wconf 85' lang='lat'><strong>(1)</strong></span> <span class='ocrx_word' id='word_1_172' title='bbox 647 1894 670 1928; x_wconf 90' lang='lat' dir='ltr'><strong>i.</strong></span> <span class='ocrx_word' id='word_1_173' title='bbox 691 1906 722 1928; x_wconf 85' lang='lat' dir='ltr'><strong>e.</strong></span> <span class='ocrx_word' id='word_1_174' title='bbox 743 1899 851 1941; x_wconf 80' lang='lat' dir='ltr'><strong>qu0t;</strong></span> <span class='ocrx_word' id='word_1_175' title='bbox 871 1893 973 1940; x_wconf 80' lang='lat' dir='ltr'><strong>quod</strong></span> <span class='ocrx_word' id='word_1_176' title='bbox 987 1893 1125 1928; x_wconf 81' lang='lat' dir='ltr'><strong>habent</strong></span> <span class='ocrx_word' id='word_1_177' title='bbox 1143 1893 1378 1927; x_wconf 84' lang='lat' dir='ltr'><strong>vetustissimi</strong></span> <span class='ocrx_word' id='word_1_178' title='bbox 1395 1893 1503 1928; x_wconf 89' lang='lat' dir='ltr'><strong>codd.</strong></span> 
     </span>
    </p>

    <p class='ocr_par' dir='ltr' id='par_1_4' title="bbox 570 1951 1649 1999">
     <span class='ocr_line' id='line_1_23' title="bbox 570 1951 1649 1999; baseline -0.001 -12"><span class='ocrx_word' id='word_1_179' title='bbox 570 1955 620 1999; x_wconf 78' lang='lat'><strong>(2)</strong></span> <span class='ocrx_word' id='word_1_180' title='bbox 645 1953 764 1989; x_wconf 88' lang='lat' dir='ltr'><strong>Codd.</strong></span> <span class='ocrx_word' id='word_1_181' title='bbox 784 1952 1001 1989; x_wconf 74' lang='lat' dir='ltr'><strong>vindobon.</strong></span> <span class='ocrx_word' id='word_1_182' title='bbox 1020 1951 1088 1988; x_wconf 79' lang='lat'><strong>338</strong></span> <span class='ocrx_word' id='word_1_183' title='bbox 1107 1959 1144 1987; x_wconf 88' lang='lat' dir='ltr'><strong>et</strong></span> <span class='ocrx_word' id='word_1_184' title='bbox 1161 1952 1357 1987; x_wconf 72' lang='lat' dir='ltr'><strong>vaetlens.</strong></span> <span class='ocrx_word' id='word_1_185' title='bbox 1381 1969 1386 1986; x_wconf 72' lang='grc' dir='ltr'><strong><em>ς</em></strong></span> <span class='ocrx_word' id='word_1_186' title='bbox 1410 1953 1649 1987; x_wconf 75' lang='lat' dir='ltr'><strong>habitatione.</strong></span> 
     </span>
    </p>

    <p class='ocr_par' dir='ltr' id='par_1_5' title="bbox 526 2010 1950 2178">
     <span class='ocr_line' id='line_1_24' title="bbox 570 2010 1949 2060; baseline -0.003 -12"><span class='ocrx_word' id='word_1_187' title='bbox 570 2012 620 2059; x_wconf 79' lang='grc'><strong>(5)</strong></span> <span class='ocrx_word' id='word_1_188' title='bbox 646 2013 717 2049; x_wconf 89' lang='lat' dir='ltr'><strong>All.</strong></span> <span class='ocrx_word' id='word_1_189' title='bbox 748 2014 908 2060; x_wconf 78' lang='lat' dir='ltr'><strong>Cagani,</strong></span> <span class='ocrx_word' id='word_1_190' title='bbox 941 2013 1079 2059; x_wconf 66' lang='lat' dir='ltr'><strong>kagan.</strong></span> <span class='ocrx_word' id='word_1_191' title='bbox 1100 2014 1185 2058; x_wconf 84' lang='lat' dir='ltr'><strong>Quo</strong></span> <span class='ocrx_word' id='word_1_192' title='bbox 1208 2013 1357 2047; x_wconf 83' lang='lat' dir='ltr'><strong>nomine</strong></span> <span class='ocrx_word' id='word_1_193' title='bbox 1376 2013 1618 2047; x_wconf 83' lang='lat' dir='ltr'><strong>Tartarorum</strong></span> <span class='ocrx_word' id='word_1_194' title='bbox 1641 2011 1826 2058; x_wconf 85' lang='lat' dir='ltr'><strong>principes</strong></span> <span class='ocrx_word' id='word_1_195' title='bbox 1851 2010 1949 2045; x_wconf 86' lang='lat' dir='ltr'><strong>Tur-</strong></span> 
     </span>
     <span class='ocr_line' id='line_1_25' title="bbox 526 2056 1950 2124; baseline -0.004 -16"><span class='ocrx_word' id='word_1_196' title='bbox 526 2074 602 2108; x_wconf 87' lang='lat' dir='ltr'><strong>cica</strong></span> <span class='ocrx_word' id='word_1_197' title='bbox 620 2073 745 2119; x_wconf 82' lang='lat' dir='ltr'><strong>lingua</strong></span> <span class='ocrx_word' id='word_1_198' title='bbox 767 2072 887 2107; x_wconf 81' lang='lat' dir='ltr'><strong>adhuc</strong></span> <span class='ocrx_word' id='word_1_199' title='bbox 906 2072 1138 2120; x_wconf 82' lang='lat' dir='ltr'><strong>appellantur</strong></span> <span class='ocrx_word' id='word_1_200' title='bbox 1164 2056 1295 2124; x_wconf 54' lang='lat' dir='ltr'><strong>ObL&gt;</strong></span> <span class='ocrx_word' id='word_1_201' title='bbox 1324 2072 1538 2119; x_wconf 77' lang='grc' dir='ltr'>(ΚΙιᾶ.εᾶη);</span> <span class='ocrx_word' id='word_1_202' title='bbox 1560 2071 1660 2120; x_wconf 87' lang='lat' dir='ltr'><strong>quod</strong></span> <span class='ocrx_word' id='word_1_203' title='bbox 1681 2071 1831 2118; x_wconf 87' lang='lat' dir='ltr'><strong>quidem</strong></span> <span class='ocrx_word' id='word_1_204' title='bbox 1852 2070 1950 2117; x_wconf 85' lang='lat' dir='ltr'><strong>apud</strong></span> 
     </span>
     <span class='ocr_line' id='line_1_26' title="bbox 526 2131 1145 2178; baseline -0.002 -13"><span class='ocrx_word' id='word_1_205' title='bbox 526 2143 591 2166; x_wconf 86' lang='lat' dir='ltr'><strong>nos</strong></span> <span class='ocrx_word' id='word_1_206' title='bbox 611 2131 739 2178; x_wconf 80' lang='lat' dir='ltr'><strong>gallice</strong></span> <span class='ocrx_word' id='word_1_207' title='bbox 757 2138 993 2178; x_wconf 85' lang='lat' dir='ltr'><strong>nuncupatur</strong></span> <span class='ocrx_word' id='word_1_208' title='bbox 1014 2146 1020 2164; x_wconf 77' lang='lat' dir='ltr'><em>z</em></span> <span class='ocrx_word' id='word_1_209' title='bbox 1045 2131 1145 2165; x_wconf 81' lang='lat' dir='ltr'><strong>Kan.</strong></span> 
     </span>
    </p>
   </div>
   <div class='ocr_carea' id='block_1_4' title="bbox 529 2190 1949 2592">
    <p class='ocr_par' dir='ltr' id='par_1_6' title="bbox 572 2190 1678 2237">
     <span class='ocr_line' id='line_1_27' title="bbox 572 2190 1678 2237; baseline -0.002 -12"><span class='ocrx_word' id='word_1_210' title='bbox 572 2192 622 2236; x_wconf 75' lang='grc'><strong>(4)</strong></span> <span class='ocrx_word' id='word_1_211' title='bbox 647 2191 707 2225; x_wconf 82' lang='lat' dir='ltr'><strong>Sic</strong></span> <span class='ocrx_word' id='word_1_212' title='bbox 726 2191 771 2224; x_wconf 87' lang='lat' dir='ltr'><strong>D.</strong></span> <span class='ocrx_word' id='word_1_213' title='bbox 792 2190 979 2237; x_wconf 84' lang='lat' dir='ltr'><strong>Bouquet,</strong></span> <span class='ocrx_word' id='word_1_214' title='bbox 999 2203 1082 2225; x_wconf 88' lang='lat' dir='ltr'><strong>cum</strong></span> <span class='ocrx_word' id='word_1_215' title='bbox 1103 2190 1272 2237; x_wconf 86' lang='lat' dir='ltr'><strong>plurimis</strong></span> <span class='ocrx_word' id='word_1_216' title='bbox 1291 2190 1421 2233; x_wconf 86' lang='lat' dir='ltr'><strong>codd.;</strong></span> <span class='ocrx_word' id='word_1_217' title='bbox 1442 2190 1548 2225; x_wconf 82' lang='lat' dir='ltr'><strong>Pertz</strong></span> <span class='ocrx_word' id='word_1_218' title='bbox 1570 2206 1574 2223; x_wconf 92' lang='lat'>:</span> <span class='ocrx_word' id='word_1_219' title='bbox 1599 2202 1678 2224; x_wconf 81' lang='lat' dir='ltr'><strong>nec.</strong></span> 
     </span>
    </p>

    <p class='ocr_par' dir='ltr' id='par_1_7' title="bbox 572 2248 1213 2295">
     <span class='ocr_line' id='line_1_28' title="bbox 572 2248 1213 2295; baseline 0 -12"><span class='ocrx_word' id='word_1_220' title='bbox 572 2248 624 2294; x_wconf 85' lang='lat'><strong>(5)</strong></span> <span class='ocrx_word' id='word_1_221' title='bbox 649 2248 743 2284; x_wconf 86' lang='lat' dir='ltr'><strong>Cod.</strong></span> <span class='ocrx_word' id='word_1_222' title='bbox 763 2249 793 2284; x_wconf 87' lang='lat' dir='ltr'>F</span> <span class='ocrx_word' id='word_1_223' title='bbox 795 2248 999 2283; x_wconf 76' lang='lat' dir='ltr'><strong>lorenlinus</strong></span> <span class='ocrx_word' id='word_1_224' title='bbox 1019 2265 1024 2282; x_wconf 77' lang='lat' dir='ltr'><em>z</em></span> <span class='ocrx_word' id='word_1_225' title='bbox 1047 2248 1213 2295; x_wconf 73' lang='lat' dir='ltr'><strong>(Iz&#39;srepli.</strong></span> 
     </span>
    </p>

    <p class='ocr_par' dir='ltr' id='par_1_8' title="bbox 529 2305 1949 2410">
     <span class='ocr_line' id='line_1_29' title="bbox 573 2305 1949 2353; baseline -0.001 -11"><span class='ocrx_word' id='word_1_226' title='bbox 573 2308 624 2353; x_wconf 85' lang='grc'><strong>(6)</strong></span> <span class='ocrx_word' id='word_1_227' title='bbox 650 2308 721 2343; x_wconf 84' lang='lat' dir='ltr'><strong>All.</strong></span> <span class='ocrx_word' id='word_1_228' title='bbox 755 2308 937 2351; x_wconf 78' lang='lat' dir='ltr'><strong>Oelrz&#39;cus,</strong></span> <span class='ocrx_word' id='word_1_229' title='bbox 959 2309 1114 2352; x_wconf 75' lang='lat' dir='ltr'><strong>Arz&#39;cus,</strong></span> <span class='ocrx_word' id='word_1_230' title='bbox 1139 2309 1296 2351; x_wconf 79' lang='lat' dir='ltr'><strong>Ericus,</strong></span> <span class='ocrx_word' id='word_1_231' title='bbox 1322 2309 1490 2350; x_wconf 72' lang='grc' dir='ltr'><strong>ΕΙίἐιίις,</strong></span> <span class='ocrx_word' id='word_1_232' title='bbox 1518 2307 1557 2342; x_wconf 86' lang='grc' dir='ltr'><em>Ε</em></span> <span class='ocrx_word' id='word_1_233' title='bbox 1560 2306 1635 2341; x_wconf 79' lang='lat' dir='ltr'><strong>rich</strong></span> <span class='ocrx_word' id='word_1_234' title='bbox 1644 2334 1652 2349; x_wconf 88' lang='lat'><em>,</em></span> <span class='ocrx_word' id='word_1_235' title='bbox 1678 2305 1852 2349; x_wconf 76' lang='lat' dir='ltr'><strong>Hericus,</strong></span> <span class='ocrx_word' id='word_1_236' title='bbox 1873 2305 1949 2341; x_wconf 78' lang='lat' dir='ltr'><strong>He—</strong></span> 
     </span>
     <span class='ocr_line' id='line_1_30' title="bbox 529 2367 835 2410; baseline 0.003 -10"><span class='ocrx_word' id='word_1_237' title='bbox 529 2370 618 2410; x_wconf 73' lang='lat' dir='ltr'><strong>riem,</strong></span> <span class='ocrx_word' id='word_1_238' title='bbox 640 2367 835 2402; x_wconf 74' lang='lat' dir='ltr'><strong>IIcnriczcs.</strong></span> 
     </span>
    </p>

    <p class='ocr_par' dir='ltr' id='par_1_9' title="bbox 572 2424 1795 2475">
     <span class='ocr_line' id='line_1_31' title="bbox 572 2424 1795 2475; baseline -0.004 -13"><span class='ocrx_word' id='word_1_239' title='bbox 572 2429 622 2475; x_wconf 78' lang='lat'><strong>(7)</strong></span> <span class='ocrx_word' id='word_1_240' title='bbox 647 2427 739 2463; x_wconf 91' lang='lat' dir='ltr'><strong>Cod.</strong></span> <span class='ocrx_word' id='word_1_241' title='bbox 757 2439 855 2461; x_wconf 88' lang='lat' dir='ltr'><strong>nunc</strong></span> <span class='ocrx_word' id='word_1_242' title='bbox 876 2426 965 2473; x_wconf 84' lang='lat' dir='ltr'><strong>ch.</strong></span> <span class='ocrx_word' id='word_1_243' title='bbox 985 2427 1082 2471; x_wconf 65' lang='lat' dir='ltr'><strong>Par„</strong></span> <span class='ocrx_word' id='word_1_244' title='bbox 1100 2427 1189 2462; x_wconf 86' lang='lat' dir='ltr'><strong>olim</strong></span> <span class='ocrx_word' id='word_1_245' title='bbox 1208 2427 1248 2461; x_wconf 90' lang='lat' dir='ltr'><strong>B.</strong></span> <span class='ocrx_word' id='word_1_246' title='bbox 1270 2426 1320 2460; x_wconf 86' lang='lat' dir='ltr'><strong>M.</strong></span> <span class='ocrx_word' id='word_1_247' title='bbox 1348 2424 1411 2460; x_wconf 77' lang='lat'><strong>155</strong></span> <span class='ocrx_word' id='word_1_248' title='bbox 1431 2442 1436 2459; x_wconf 90' lang='lat'>:</span> <span class='ocrx_word' id='word_1_249' title='bbox 1459 2425 1795 2471; x_wconf 75' lang='lat' dir='ltr'><strong>Forojulianorum.</strong></span> 
     </span>
    </p>

    <p class='ocr_par' dir='ltr' id='par_1_10' title="bbox 574 2485 1578 2531">
     <span class='ocr_line' id='line_1_32' title="bbox 574 2485 1578 2531; baseline -0.003 -10"><span class='ocrx_word' id='word_1_250' title='bbox 574 2486 626 2531; x_wconf 83' lang='lat'><strong>(8)</strong></span> <span class='ocrx_word' id='word_1_251' title='bbox 653 2486 725 2521; x_wconf 83' lang='lat' dir='ltr'><strong>All.</strong></span> <span class='ocrx_word' id='word_1_252' title='bbox 759 2486 1056 2529; x_wconf 73' lang='lat' dir='ltr'><strong>Thrarsalicam,</strong></span> <span class='ocrx_word' id='word_1_253' title='bbox 1089 2487 1343 2528; x_wconf 70' lang='lat' dir='ltr'><strong>Tm‘saticam,</strong></span> <span class='ocrx_word' id='word_1_254' title='bbox 1372 2485 1578 2519; x_wconf 77' lang='lat' dir='ltr'><strong>Tarsicam.</strong></span> 
     </span>
    </p>

    <p class='ocr_par' dir='ltr' id='par_1_11' title="bbox 574 2542 1594 2592">
     <span class='ocr_line' id='line_1_33' title="bbox 574 2542 1594 2592; baseline -0.004 -12"><span class='ocrx_word' id='word_1_255' title='bbox 574 2546 625 2592; x_wconf 85' lang='lat'><strong>(9)</strong></span> <span class='ocrx_word' id='word_1_256' title='bbox 651 2546 721 2580; x_wconf 85' lang='lat' dir='ltr'><strong>All.</strong></span> <span class='ocrx_word' id='word_1_257' title='bbox 749 2546 938 2589; x_wconf 72' lang='lat' dir='ltr'><strong>Get‘ollus,</strong></span> <span class='ocrx_word' id='word_1_258' title='bbox 966 2546 1144 2589; x_wconf 70' lang='lat' dir='ltr'><strong>Get-ulus,</strong></span> <span class='ocrx_word' id='word_1_259' title='bbox 1174 2544 1377 2588; x_wconf 75' lang='lat' dir='ltr'><strong>Geruldus,</strong></span> <span class='ocrx_word' id='word_1_260' title='bbox 1404 2542 1594 2578; x_wconf 74' lang='lat' dir='ltr'><strong>Giralclus.</strong></span> 
     </span>
    </p>
   </div>
   <div class='ocr_carea' id='block_1_5' title="bbox 530 2602 1949 2701">
    <p class='ocr_par' dir='ltr' id='par_1_12' title="bbox 530 2602 1949 2701">
     <span class='ocr_line' id='line_1_34' title="bbox 575 2602 1949 2653; baseline -0.003 -14"><span class='ocrx_word' id='word_1_261' title='bbox 575 2606 648 2650; x_wconf 82' lang='grc' dir='ltr'>(ιο)</span> <span class='ocrx_word' id='word_1_262' title='bbox 672 2605 732 2640; x_wconf 85' lang='lat' dir='ltr'><strong>Sic</strong></span> <span class='ocrx_word' id='word_1_263' title='bbox 751 2612 889 2652; x_wconf 79' lang='lat' dir='ltr'><strong>septem</strong></span> <span class='ocrx_word' id='word_1_264' title='bbox 907 2606 1016 2641; x_wconf 83' lang='lat' dir='ltr'><strong>codd.</strong></span> <span class='ocrx_word' id='word_1_265' title='bbox 1032 2622 1040 2651; x_wconf 80' lang='lat'>3</span> <span class='ocrx_word' id='word_1_266' title='bbox 1061 2606 1142 2643; x_wconf 89' lang='lat' dir='ltr'><strong>cod.</strong></span> <span class='ocrx_word' id='word_1_267' title='bbox 1159 2606 1252 2653; x_wconf 81' lang='lat' dir='ltr'><strong>Reg.</strong></span> <span class='ocrx_word' id='word_1_268' title='bbox 1268 2605 1381 2641; x_wconf 81' lang='lat' dir='ltr'><strong>Paris.</strong></span> <span class='ocrx_word' id='word_1_269' title='bbox 1397 2602 1491 2646; x_wconf 68' lang='lat'><em>5554</em></span> <span class='ocrx_word' id='word_1_270' title='bbox 1506 2620 1511 2637; x_wconf 82' lang='lat' dir='ltr'>z</span> <span class='ocrx_word' id='word_1_271' title='bbox 1529 2609 1776 2644; x_wconf 77' lang='lat' dir='ltr'><strong>constmcret,·</strong></span> <span class='ocrx_word' id='word_1_272' title='bbox 1795 2609 1949 2649; x_wconf 85' lang='lat' dir='ltr'><strong>septem-</strong></span> 
     </span>
     <span class='ocr_line' id='line_1_35' title="bbox 530 2663 961 2701; baseline 0.007 -4"><span class='ocrx_word' id='word_1_273' title='bbox 530 2663 648 2698; x_wconf 87' lang='lat' dir='ltr'><strong>decim</strong></span> <span class='ocrx_word' id='word_1_274' title='bbox 668 2664 770 2699; x_wconf 85' lang='lat' dir='ltr'><strong>codd.</strong></span> <span class='ocrx_word' id='word_1_275' title='bbox 792 2672 961 2701; x_wconf 67' lang='lat' dir='ltr'><strong>strueret.</strong></span> 
     </span>
    </p>
   </div>
  </div>
 </body>
</html>
