1924 3183
313 160 391 199 5394
830 157 1203 196 HLUDOWIC'US.

314 245 513 293 norifice
537 244 739 308 suscepti
766 254 893 290 sunt.
926 246 1190 308 Imperator
1210 244 1349 308 junio
1375 261 1534 292 mense
1564 246 1621 292 ad
1645 248 1729 294 In—

312 323 517 388 gelheim
536 322 698 368 villam
718 322 849 369 venit
864 359 877 380 ,
899 322 1063 388 ibique
1084 340 1170 387 per
1187 322 1369 387 aliquot
1386 321 1484 369 dies
1504 323 1729 387 placitum

315 400 503 458 habuit,
528 402 578 447 in
598 417 695 466 quo
710 436 723 458 ,
747 418 855 447 cum
877 402 934 448 de
952 401 1060 447 filiis
1078 401 1171 446 suis
1189 399 1438 447 Hlothario
1459 411 1506 447 et
1524 401 1729 465 Pippino

313 497 423 525 cum
446 479 658 525 exercitu
680 478 738 524 ad
758 496 966 525 marcam
986 478 1288 542 Hispanicam
1308 478 1552 525 mittendis
1577 480 1731 526 consi-

312 557 431 602 lium
456 557 640 613 inisset,
676 566 723 603 et
747 556 794 603 id
819 555 1064 620 quomodo
1096 555 1229 603 fieret
1252 555 1536 613 ordinasset,
1564 557 1729 605 missos

312 635 453 681 etiam
489 634 695 681 Romani
728 634 992 699 pontificis,
1028 635 1288 695 Quirinum
1322 634 1650 698 primicerium
1677 653 1729 681 ac

312 709 731 775 Theophylactum
755 710 1164 757 nomenclatorem
1182 747 1195 767 ,
1223 711 1305 775 qui
1330 710 1387 757 ad
1411 728 1520 757 eum
1540 711 1624 758 illo
1652 728 1728 758 ve-

311 799 511 845 nerant,
541 788 698 834 audita
727 805 892 835 eorum
919 789 1152 852 legatione
1183 788 1461 845 dimisisset,
1489 788 1546 834 ad
1570 788 1730 834 villam

312 867 668 915 Franconofurt
692 867 935 930 profectus
958 877 1025 914 cst
1042 903 1054 923 ,
1086 867 1248 932 ibique
1268 866 1543 931 aliquandiu
1567 884 1730 913 mora-

312 955 411 1000 tus,
436 944 759 992 VVormatiam
789 945 941 1001 venit,
982 956 1124 1009 atque
1158 945 1266 991 inde
1292 944 1731 992 Theodonisvillam

310 1023 546 1085 perrexit3
581 1022 639 1069 de
664 1039 762 1087 quo
788 1022 894 1069 loco
926 1022 1231 1070 Hlotharium
1265 1022 1417 1070 filium
1451 1041 1587 1070 suum
1621 1041 1730 1070 cum

310 1102 492 1164 magnis
524 1101 820 1147 Francorum
847 1101 995 1164 copiis
1018 1100 1076 1146 ad
1101 1101 1402 1164 Hispanicam
1424 1119 1631 1147 marcam
1652 1101 1730 1147 di-

309 1178 449 1223 rexit.
475 1177 567 1237 Qui
586 1195 694 1223 cum
708 1177 992 1242 Lugdunum
1014 1178 1236 1236 venisset,
1254 1177 1484 1235 consedit,
1503 1178 1730 1224 nuntium

309 1255 593 1318 opperiens,
628 1256 712 1319 qui
747 1272 793 1302 se
824 1255 882 1302 de
916 1255 1287 1302 Sarracenorum
1318 1255 1525 1303 adventu
1554 1255 1730 1303 faceret

309 1332 564 1379 certiorem
576 1351 588 1389 ;
630 1333 678 1378 in
713 1350 806 1398 qua
843 1334 1170 1397 expectatione
1201 1351 1310 1379 cum
1345 1334 1550 1398 Pippino
1582 1333 1730 1381 fratre

309 1409 639 1474 conloquitur,
667 1421 713 1458 et
737 1421 1011 1475 comperto,
1036 1411 1166 1476 quod
1186 1411 1428 1458 Sarraceni
1446 1411 1504 1457 ad
1519 1429 1729 1458 marcam

308 1488 470 1534 venire
493 1498 575 1533 aut
602 1488 827 1535 timerent
849 1498 930 1534 aut
956 1489 1171 1545 nollent,
1203 1488 1433 1536 redeunte
1458 1490 1507 1536 in
1532 1489 1729 1554 Aquita-

307 1565 435 1610 niam
458 1564 628 1622 fratre‚
653 1567 751 1630 ipse
773 1565 831 1612 ad
855 1576 1037 1630 patrem
1065 1566 1358 1631 Aquasgrani
1378 1566 1654 1613 revertitur.

372 1644 553 1690 Interea
588 1661 696 1689 cum
722 1645 769 1690 in
796 1643 1069 1691 confinibus
1092 1645 1519 1692 Nordmannorum
1550 1654 1644 1690 tam
1673 1643 1729 1691 de

306 1720 488 1768 foedere
522 1723 648 1769 inter
670 1723 775 1770 illos
800 1734 847 1770 et
871 1724 1080 1770 Francos
1105 1722 1465 1779 confirmando,
1500 1740 1643 1787 quam
1673 1721 1729 1769 de

305 1799 518 1846 Harioldi
540 1798 680 1846 rebus
701 1801 1001 1847 tractandum
1021 1812 1162 1857 esset,
1186 1813 1233 1848 et
1256 1800 1313 1847 ad
1332 1801 1422 1848 hoc
1441 1818 1562 1865 pene
1583 1800 1728 1848 totius

308 1876 525 1924 Saxoniae
551 1879 747 1925 comites
771 1880 911 1926 simul
936 1898 1041 1926 cum
1068 1879 1426 1926 marchionibus
1448 1879 1531 1926 illo
1551 1897 1728 1926 conve-

308 1956 505 2012 nissent,
535 1957 805 2015 Harioldus,
833 1976 992 2005 rerum
1014 1958 1328 2023 gerendarum
1347 1958 1491 2003 nimis
1510 1957 1726 2021 cupidus,

308 2032 578 2079 condictam
599 2046 645 2080 et
666 2053 752 2099 per
772 2035 956 2084 obsides
981 2036 1215 2083 firmatam
1236 2053 1398 2099 pacem
1413 2071 1424 2090 ,
1453 2036 1654 2082 incensis
1675 2053 1727 2082 ac

307 2108 504 2172 direptis
521 2110 704 2175 aliquot
720 2112 1146 2160 Nordmannorum
1164 2113 1357 2169 villulis,
1376 2114 1567 2177 irrupit.
1587 2113 1729 2173 Quod

307 2185 548 2234 audientes
572 2187 658 2234 filii
688 2189 939 2237 Godofridi
956 2227 969 2247 ,
1000 2191 1256 2238 contractis
1284 2190 1443 2238 subito
1468 2191 1614 2254 copiis
1631 2227 1644 2247 ,
1672 2191 1729 2237 ad

307 2281 515 2309 marcam
538 2267 763 2322 veniunt,
791 2279 838 2315 et
860 2278 1051 2314 nostros
1075 2269 1123 2314 in
1148 2269 1250 2331 ripa
1274 2268 1497 2332 Egidorae
1517 2267 1727 2314 fluminis

308 2340 521 2388 sedentes
535 2360 587 2388 ac
603 2343 723 2389 nihil
744 2345 834 2391 tale
848 2346 1098 2409 opinantes
1117 2346 1317 2391 transito
1338 2344 1535 2392 flumine
1552 2345 1724 2404 adorti,

309 2420 471 2465 castris
496 2434 678 2468 exuunt
699 2424 770 2486 (1)
788 2460 800 2481 ,
830 2425 989 2488 eisque
1016 2425 1061 2470 in
1088 2424 1249 2488 fugam
1273 2425 1386 2470 actis
1412 2434 1580 2469 cuncta
1606 2422 1727 2468 diri-

358 2632 386 2649 ,ι
436 2619 528 2653 (lod.
565 2621 772 2655 xindobmi.
804 2621 868 2664 654
902 2638 905 2655 z
940 2625 1067 2656 (ηςΙι-ιζκ
1096 2624 1256 2657 (nstrum.
1285 2622 1374 2657 (jod.
1404 2622 1564 2655 Hannov.
1598 2622 1725 2654 ‘axlmls

314 2697 320 2707 t
345 2685 459 2711 asans,
