1924 3183
369 166 449 204 304
954 161 1204 201 KAROLUS.

370 252 448 300 sed
472 251 528 297 ad
552 248 921 298 Westarfoldam
949 250 1020 311 (1)
1047 267 1154 295 cum
1181 249 1392 296 exercitu
1419 250 1648 314 profecti,
1675 269 1782 317 quae

369 331 500 395 regio
520 330 687 376 ultima
704 328 837 393 regni
861 344 1028 375 eorum
1053 328 1179 375 inter
1202 329 1577 392 septentrionem
1596 341 1643 377 et
1659 332 1783 378 occi-

369 410 562 456 dentem
587 407 670 454 sita
687 443 700 464 ,
728 416 896 453 contra
922 405 1242 470 aquilonalem
1264 406 1512 453 Brittaniae
1536 408 1784 453 summita-

371 496 468 533 tem
506 484 719 548 respicit,
755 486 883 547 cujus
922 483 1160 547 principes
1199 500 1251 528 ac
1288 482 1495 547 populus
1534 484 1597 530 eis
1635 482 1783 530 subici

370 561 666 610 recusabant.
696 560 878 621 Quibus
901 560 1207 625 perdomitis,
1236 577 1345 606 cum
1379 561 1707 617 revertissent,
1741 570 1788 607 et

369 640 569 687 fratrem
589 638 647 684 ab
668 639 953 702 imperatore
972 638 1165 683 missum
1185 637 1493 700 recepissent,
1516 636 1600 682 filii
1622 636 1789 684 Godo-

371 717 483 765 fridi
509 718 632 782 regis
655 727 701 763 et
722 734 778 762 ex
801 714 1094 778 primoribus
1118 715 1364 762 Danorum
1387 732 1486 762 non
1511 715 1646 780 pauci
1665 750 1677 770 ,
1705 715 1786 778 qui

365 799 464 861 jam
488 795 668 842 dudum
690 794 853 841 relicta
875 794 1026 857 patria
1050 794 1174 857 apud
1190 795 1397 840 Sueones
1414 794 1484 856 (2)
1505 792 1758 840 exulabant
1773 829 1785 849 ,

371 872 655 936 comparatis
675 870 1007 935 undecumque
1026 871 1190 934 copiiS,
1211 869 1391 917 bellum
1408 871 1471 918 eis
1491 870 1786 926 intulerunt,

374 961 421 998 et
445 948 798 997 confluentibus
819 947 875 994 ad
900 965 946 994 se
970 949 1141 1011 passim
1160 965 1217 994 ex
1240 948 1373 994 omni
1398 949 1646 994 Danorum
1665 957 1790 994 terra

369 1026 675 1092 popularium
689 1025 953 1086 turmisffl),
972 1025 1223 1072 commisso
1241 1041 1349 1070 cum
1365 1025 1428 1071 eis
1445 1025 1633 1088 praelio,
1649 1025 1790 1070 etiam

375 1120 525 1167 regno
555 1119 655 1148 non
692 1100 848 1147 multo
877 1117 956 1148 eos
988 1099 1151 1146 labore
1184 1100 1488 1164 pepulerunt.
1526 1100 1702 1146 Mauris
1734 1099 1791 1145 de

375 1181 566 1227 Corsica
591 1178 649 1224 ad
677 1178 953 1241 Hispaniam
980 1194 1090 1222 cum
1117 1176 1266 1222 multa
1295 1177 1453 1241 praeda
1482 1175 1792 1224 redeuntibus

374 1256 682 1321 lrmingarius
707 1255 778 1318 (4)
793 1289 806 1311 ,
829 1270 983 1300 comes
1007 1253 1349 1317 Emporitanus
1362 1288 1376 1310 ,
1405 1254 1451 1299 in
1477 1253 1700 1316 Majorica
1723 1253 1794 1298 in-

374 1335 511 1382 sidias
543 1334 727 1398 posuit,
757 1343 804 1379 et
836 1342 947 1379 octo
977 1349 1117 1379 naves
1151 1348 1319 1378 eorum
1350 1332 1505 1395 cepit,
1538 1332 1588 1377 in
1621 1330 1793 1395 quibus

375 1409 665 1478 quingentos
684 1421 731 1458 et
752 1427 807 1458 eo
825 1409 1027 1474 amplius
1047 1410 1218 1456 Corsos
1241 1410 1450 1473 captivos
1470 1409 1670 1456 invenit.
1692 1410 1793 1456 Hoc

375 1491 530 1538 Mauri
562 1490 802 1536 vindicare
832 1488 1067 1543 volentes,
1089 1488 1436 1535 Centumcellas
1460 1488 1645 1534 Tusciae
1678 1486 1796 1533 civi-

376 1578 522 1615 tatem
546 1577 594 1614 et
622 1567 817 1613 Niceam
841 1565 1104 1629 provinciae
1128 1563 1449 1612 Narbonensis
1473 1573 1791 1610 vastaverunt.

377 1646 645 1692 Sardiniam
668 1661 860 1710 quoque
883 1644 1112 1709 aggressi,
1139 1643 1486 1708 commissoque
1512 1660 1622 1689 cum
1640 1641 1795 1688 Sardis

378 1725 547 1789 praelio
561 1760 574 1781 ,
602 1724 724 1788 pulsi
745 1740 797 1769 ac
814 1723 952 1779 victi,
975 1733 1022 1770 et
1039 1722 1203 1769 multis
1221 1740 1416 1769 suorum
1434 1722 1630 1777 amissi8‚
1651 1737 1798 1767 reces-

378 1812 557 1849 serunt.
581 1800 643 1846 At
662 1799 862 1846 Michael
882 1800 1142 1862 imperator
1159 1799 1385 1863 Bulgaros
1405 1797 1532 1845 bello
1550 1806 1792 1861 appetens,

380 1877 502 1923 haud
526 1876 764 1941 prosperis
787 1874 1072 1922 successibus
1098 1874 1268 1931 utitur,
1298 1892 1349 1920 ac
1374 1874 1576 1937 proinde
1598 1873 1796 1919 domum

381 1973 618 2010 reversus,
649 1954 865 2017 deposito
898 1952 1158 1999 diademate
1191 1950 1449 1998 monachus
1478 1950 1709 2005 efficitur3
1747 1949 1796 1996 in

382 2035 512 2095 cujus
535 2032 695 2078 locum
719 2033 833 2087 Leo,
861 2030 1027 2077 Bardae
1052 2030 1125 2092 (5)
1149 2029 1335 2092 patricii
1361 2028 1511 2085 filius,
1539 2028 1796 2091 imperator

428 2202 478 2245 (ι)
503 2198 595 2235 Cod.
616 2199 903 2233 Hannoveranus
929 2211 935 2229 z
968 2194 1298 2241 1V01·sta1f0ldanz;
1325 2193 1488 2228 Nuenar.
1514 2204 1634 2227 comes
1656 2208 1661 2226 :
1692 2191 1796 2226 lVes-

385 2259 616 2307 terfoeldam.
639 2278 685 2283 —
708 2257 866 2292 Annales
890 2256 1026 2290 Bertin.
1051 2253 1376 2289 W'estaervoldam.
1398 2273 1439 2278 ——
1458 2252 1660 2298 Reginonis
1677 2251 1797 2286 Chro-

386 2322 456 2355 nic.
485 2318 710 2365 ll‘estcrjsalt.

431 2381 480 2424 (2)
507 2378 580 2413 All.
603 2378 779 2419 Soeones,
809 2376 1010 2418 Suueones,
1035 2375 1184 2408 Sueuos.

431 2438 479 2484 (5)
506 2437 624 2473 Codd.
647 2435 888 2473 Vindobonn.
910 2434 996 2477 654,
1025 2446 1087 2468 110
1104 2440 1140 2467 et
1156 2445 1224 2480 990
1244 2448 1249 2466 ε
1274 2432 1404 2466 turbis.

432 2501 480 2543 (4⁷)
506 2498 562 2532 Al.
583 2498 815 2543 Irmigarius.
837 2497 935 2529 Anu.
957 2495 1054 2528 Bert.
1073 2493 1387 2538 Hermeingarius.

432 2558 481 2602 (5)
507 2559 560 2592 lta
579 2557 715 2591 habent
734 2556 897 2590 Pertzius
919 2561 954 2589 et
974 2555 1018 2588 D.
1040 2554 1218 2600 Bouquet.
1244 2572 1291 2578 -—-
1309 2550 1432 2586 Codex
1451 2548 1676 2583 Trevirensis
1697 2563 1702 2581 ε
1723 2548 1797 2582 Leo

393 2617 535 2650 lz'alu‘lse
561 2618 748 2661 patricius.
783 2614 989 2649 Nuenarius
1013 2624 1131 2646 comes
1159 2628 1164 2645 ·.
1196 2612 1269 2646 Les>
1299 2609 1452 2655 Bapdae.
1478 2607 1660 2642 Chesnius
1686 2623 1690 2639 z
1723 2606 1797 2640 Leo

392 2676 540 2719 l’apdw.
