1924 3183
388 155 460 194 154
708 154 942 193 KAROLUS
974 154 1037 192 ET
1070 153 1468 193 KARLOMANNUS.

384 240 654 298 liminibus,
680 242 736 287 ad
756 241 877 290 filios
900 243 948 289 in
968 241 1170 288 Galliam
1193 242 1467 288 revertitur.
1492 241 1692 288 Karolus
1709 258 1795 288 au·-

383 330 479 365 tem
503 337 585 366 rex
611 319 825 367 Natalem
840 321 1034 368 Domini
1061 320 1352 385 Mogontiaci
1370 320 1465 383 (1),
1488 328 1795 383 sanctumque

382 396 551 444 Pascha
576 398 624 443 in
650 397 759 444 villa
784 398 1053 446 Haristallio
1074 396 1345 445 celebravit.

907 665 1262 716 KAROLUS.

933 808 1213 855 DCCLXXI
1222 844 1232 853 .

445 917 640 962 Peracto
659 915 919 962 secundum
942 931 1127 961 morem
1151 912 1357 977 generali
1391 921 1634 958 conventu
1657 929 1798 976 super

381 993 579 1039 fluvium
600 993 829 1040 Scaldiam
844 994 917 1057 (2)
939 994 988 1039 in
1009 992 1118 1038 villa
1139 991 1415 1038 Valentiana
1430 991 1524 1054 (5),
1548 1007 1631 1037 rex
1652 991 1798 1038 Karo-

379 1071 451 1117 lus
471 1071 527 1118 ad
547 1071 851 1119 hiemandum
866 1071 1204 1135 proficiscitur.
1236 1071 1451 1134 Cumque
1479 1068 1544 1114 ibi
1566 1069 1799 1134 aliquam-

378 1148 460 1194 diu
498 1159 791 1205 moraretur,
832 1148 1185 1195 Karlomannus
1214 1145 1361 1192 frater
1392 1164 1434 1191 a.
1474 1145 1522 1191 d.
1564 1162 1615 1191 11.
1650 1162 1798 1192 nonas

378 1224 641 1272 decembris
665 1225 736 1288 (4)
761 1225 955 1271 decessit
984 1225 1031 1269 in
1053 1223 1164 1269 villa
1190 1223 1528 1269 Salmontiaco.
1553 1223 1612 1267 Et
1635 1240 1716 1269 rex
1741 1223 1797 1269 ad

380 1305 664 1368 capiendum
700 1323 755 1351 ex
796 1305 983 1369 integro
1024 1319 1227 1368 regnum
1254 1304 1469 1350 animum
1510 1303 1791 1361 intendens,

379 1381 708 1429 Carbonacum
730 1382 888 1428 villam
913 1382 1061 1429 venit.
1092 1380 1162 1427 lbi
1191 1380 1487 1428 Wilharium
1522 1381 1797 1446 episcopum

379 1459 703 1507 Sedunensem
737 1456 807 1525 (5)
847 1470 894 1506 et
930 1458 1189 1509 Folradum
1225 1459 1559 1523 presbyterum
1599 1468 1645 1505 et
1682 1457 1797 1506 alios

376 1537 535 1602 plures
562 1538 850 1594 sacerdotes,
882 1537 1076 1584 comites
1102 1536 1244 1583 etiam
1278 1547 1421 1601 atque
1454 1536 1677 1601 primates
1702 1536 1797 1583 fra-

379 1615 464 1660 tris
486 1615 581 1672 sui,
624 1615 749 1662 inter
785 1631 905 1679 quos
942 1614 1017 1661 vel
1048 1613 1277 1678 praecipui
1318 1613 1450 1660 fuere
1487 1612 1718 1658 Warinus
1751 1624 1797 1660 et

376 1692 693 1751 Adalhardus,
719 1693 775 1739 ad
798 1710 844 1739 se
867 1693 1110 1739 venientes
1144 1690 1365 1755 suscepit.
1406 1690 1529 1737 Nam
1552 1707 1674 1737 uxor
1699 1693 1796 1755 ejus

377 1782 423 1817 ct
441 1770 525 1818 filii
551 1789 659 1818 cum
678 1783 812 1836 parte
834 1771 1123 1835 optimatum
1159 1772 1207 1816 in
1231 1769 1415 1816 Italiam
1435 1768 1634 1833 profecti
1663 1781 1790 1816 sunt.

377 1848 477 1894 Rex
507 1858 667 1895 autem
690 1847 1039 1913 profectionem
1076 1863 1244 1894 eorum
1278 1846 1327 1892 in
1354 1845 1535 1891 Italiam
1564 1846 1634 1909 (6)
1662 1846 1793 1911 quasi

420 2025 432 2068 (
442 2026 471 2070 1)
496 2025 543 2058 D.
558 2020 671 2071 Bouq.
692 2026 730 2058 in
742 2024 994 2071 Moguntiaco.

420 2085 470 2130 (2)
496 2084 538 2117 D.
560 2084 676 2131 Bouq.
697 2082 874 2118 Scaldim.

421 2143 472 2190 (3)
498 2145 552 2179 Ita
570 2144 615 2178 D.
638 2144 753 2190 Bouq.
770 2143 876 2177 Pertz
893 2157 900 2176 :
928 2141 1184 2176 Valentianas.

422 2202 471 2247 (4)
497 2201 588 2238 Cod.
620 2201 836 2239 Vindobon.
861 2198 1102 2246 6542frater
1117 2197 1169 2233 ad
1183 2195 1303 2244 pridie
1327 2209 1414 2231 non.
1447 2195 1540 2230 Cod.
1559 2193 1651 2243 Reg.
1675 2193 1788 2231 Paris.

375 2262 467 2310 5924
482 2280 488 2298 ;
497 2263 629 2310 frater
645 2258 696 2298 ad
713 2262 889 2309 pridie....
910 2258 1000 2296 Cod.
1027 2259 1169 2294 Trevir.
1182 2258 1317 2305 frater
1332 2256 1386 2292 ad
1396 2255 1444 2291 II
1454 2252 1554 2293 Non.
1576 2256 1668 2291 Cod.
1688 2257 1790 2291 Han-

376 2335 496 2358 nover.
506 2321 638 2369 frater
654 2322 707 2357 ad
726 2322 788 2356 VI
802 2335 889 2357 non.
909 2319 1027 2356 Codd.
1052 2316 1266 2356 vindobon.
1294 2330 1356 2352 110
1373 2325 1410 2353 et
1424 2328 1493 2365 990
1509 2333 1515 2351 :
1527 2316 1660 2363 smter
1672 2316 1790 2363 pridie

374 2396 501 2417 nonas.
519 2383 564 2417 D.
591 2383 706 2430 Bouq.
714 2382 847 2429 frater
870 2381 949 2429 ejus
974 2379 1094 2428 pridie
1112 2392 1241 2414 nonas.
1262 2399 1300 2403 ——
1320 2373 1390 2412 Hie
1407 2370 1635 2413 Pertzianam
1658 2377 1786 2412 lectio—

375 2454 456 2476 nem
488 2442 709 2476 retinuimus
728 2441 792 2489 qui
820 2441 918 2476 enim
933 2468 942 2483 ‚
970 2445 1110 2474 mutato
1130 2438 1183 2473 ad
1202 2435 1294 2472 in'a.
1317 2435 1366 2480 τί,
1384 2436 1423 2472 id
1437 2443 1489 2471 est
1503 2435 1659 2484 legendo
1678 2452 1683 2470 z
1702 2442 1788 2471 ante

375 2502 469 2537 diem
481 2502 527 2537 II
538 2516 657 2537 nonas
673 2502 886 2546 decembris,
903 2500 1023 2536 locum
1037 2500 1295 2535 convenienter
1307 2497 1480 2533 restituit.
1498 2496 1644 2534 Videsis
1659 2497 1789 2532 Artem

375 2563 608 2610 dijudicandi
625 2570 825 2609 temporum
836 2569 943 2598 notas
955 2561 1058 2607 (edit.
1071 2561 1220 2605 noviss.)
1235 2560 1264 2603 I,
1277 2558 1334 2594 52.
1349 2555 1468 2594 Gloss.
1485 2571 1561 2593 voc.
1576 2565 1661 2593 ante
1676 2557 1786 2592 diem.

419 2620 469 2667 (5)
484 2622 574 2655 (lod.
596 2621 810 2657 vindobon.
831 2635 899 2670 990
919 2639 923 2656 ;
953 2622 1001 2656 W
1000 2622 1158 2657 llzarium
1176 2616 1433 2655 Seducienwm

420 2681 469 2725 (6)
497 2682 537 2713 1).
562 2682 676 2727 Βοιαὶ.
699 2682 741 2715 R.
763 2695 796 2715 a.
820 2682 914 2716 hanc
933 2694 1055 2717 eorum
1073 2680 1347 2727 prrffcclioncm.
