2043 3193
514 141 533 177 Α’ἱ
543 140 562 176 4
852 139 974 176 VITA
1007 139 1200 177 KAROLI
1235 138 1598 178 IMPERATORIS.

514 244 639 291 quo,
685 243 793 271 cum
821 225 1006 273 duobus
1032 236 1219 273 tantum
1252 227 1333 290 qui
1367 243 1477 272 eum
1500 225 1860 292 obequitantem
1884 247 1938 275 ac

515 304 725 368 singulos
777 303 1049 351 hortantem
1103 303 1475 364 comitabantur,
1531 306 1809 354 interfectus
1848 320 1933 353 est,

517 382 755 428 Caeterum
784 382 1091 429 incruentum
1123 400 1243 446 pene
1265 382 1459 428 Francis
1492 381 1583 429 hoc
1608 382 1788 430 bellum
1820 383 1936 440 fuit,

517 470 564 506 et
589 460 967 524 prosperrimum
1002 462 1183 507 exitum
1208 459 1372 506 habuit
1390 496 1402 516 ‚
1431 461 1616 508 tametsi
1643 460 1820 507 diutius
1843 479 1939 507 ma-

516 538 766 601 gnitudine
790 538 858 583 sui
886 538 957 600 (ι)
984 538 1268 585 traheretur.

586 1091 720 1139 XIV.
759 1092 870 1138 Post
896 1091 1025 1156 quod
1056 1102 1103 1138 et
1133 1092 1418 1138 Saxonicum
1457 1109 1549 1137 sua:
1582 1091 1846 1155 prolixitati
1873 1091 1940 1153 (2)

521 1169 885 1215 convenientem
908 1168 1050 1215 finem
1076 1169 1256 1232 accepit
1273 1170 1360 1232 (3).
1386 1170 1726 1215 Boemanicum
1750 1186 1942 1233 quoque

521 1256 568 1291 et
587 1246 873 1291 Linonicum
894 1246 981 1309 (4),
1007 1263 1115 1310 quae
1136 1255 1295 1309 postea
1323 1255 1487 1292 exorta
1506 1256 1640 1303 sunt,
1663 1246 1747 1291 diu
1772 1245 1942 1292 durare

520 1339 619 1369 non
655 1332 944 1386 potuerunt3
974 1339 1182 1387 quorum
1212 1333 1473 1388 utrumque
1501 1323 1649 1369 ductu
1675 1323 1837 1370 Karoli
1858 1325 1942 1388 ju-

521 1399 671 1445 nioris
698 1399 836 1446 celeri
863 1399 958 1446 fine
987 1400 1281 1464 completum
1305 1411 1391 1446 est.
1421 1400 1658 1447 Ultimum
1682 1401 1749 1464 (5)
1775 1411 1942 1446 contra

520 1476 849 1523 Nortmannos
871 1512 883 1533 ,
934 1478 1015 1542 qui
1064 1478 1184 1523 Dani
1236 1488 1498 1536 vocantur,
1548 1478 1707 1542 primo
1757 1478 1944 1543 pyrati-

521 1570 621 1598 cam
656 1554 725 1617 (6)
764 1565 1059 1611 exercent-es,
1096 1555 1266 1602 deinde
1298 1558 1475 1619 majore
1497 1557 1565 1620 (7)
1602 1555 1742 1602 classe
1778 1556 1941 1602 littora

522 1630 688 1677 Galliae
713 1642 854 1696 atque
878 1631 1149 1679 Germaniae
1175 1643 1434 1689 vastantes,
1468 1630 1649 1679 bellum
1673 1642 1942 1697 susceptum

524 1719 609 1755 est.
633 1709 851 1769 Quorum
868 1728 950 1757 rex
970 1709 1256 1757 Godefridus
1278 1711 1348 1775 (ὅ)
1374 1711 1489 1758 adeo
1512 1728 1628 1757 vana
1653 1728 1733 1775 spe
1752 1711 1942 1757 inflatus

522 1798 646 1845 erat,
680 1799 733 1833 ut
772 1787 861 1834 sihi
896 1788 1042 1836 totius
1077 1788 1347 1836 Germaniae
1387 1790 1694 1854 promitteret
1732 1799 1944 1853 potesta-

568 2027 619 2070 (ι)
646 2026 805 2060 Nucnar.
829 2038 949 2061 eomes
970 2033 1005 2061 et
1024 2027 1235 2074 Marquard.
1252 2028 1405 2062 Freher.
1425 2027 1679 2074 magnitudine
1696 2040 1776 2062 sua.

567 2085 616 2128 (2)
642 2083 762 2119 Codd.
780 2085 961 2119 Christin.
984 2086 1099 2133 regin.
1121 2086 1188 2133 692
1210 2094 1245 2121 ct
1266 2086 1502 2121 Florentinus
1523 2103 1529 2120 :
1551 2100 1619 2121 sua
1637 2087 1861 2133 prolixitate.

568 2142 618 2189 (5)
643 2145 728 2179 Haec
744 2145 873 2189 verba,
898 2146 1049 2181 Post....
1073 2149 1212 2193 accepit
1238 2148 1275 2181 in
1306 2146 1516 2193 precedenti
1542 2160 1620 2194 cap.
1649 2147 1760 2181 habet
1780 2147 1824 2181 D.
1845 2147 1941 2180 Bou—

521 2209 630 2249 quct3
650 2203 710 2237 hic
731 2204 957 2238 Pcrtzianam
977 2205 1193 2240 divisionem
1213 2207 1445 2241 retinuimus.

568 2264 618 2308 (4)
642 2264 715 2298 All.
741 2265 969 2310 Lilonzbum,
1000 2267 1246 2310 Limonicam,
1274 2268 1512 2311 Liuonicum,
1540 2268 1771 2311 Liconicum,
1797 2266 1942 2301 Ililism-

523 2325 643 2357 alcum
656 2352 662 2367 ,
685 2324 928 2360 Linomicum.

567 2383 616 2428 (5)
643 2384 803 2419 Nuenar.
827 2398 948 2420 comes
971 2402 976 2419 z
1007 2387 1183 2421 Ultimum
1200 2400 1355 2434 quoque.

568 2441 618 2485 (6)
645 2442 712 2476 Scx
732 2442 839 2477 codd.
857 2446 1065 2489 Jn'ralicam.

568 2501 616 2546 (7)
644 2502 813 2549 Plerique
833 2503 937 2537 codd.
960 2505 1103 2551 majori.

570 2558 618 2604 (ὃ)
644 2562 709 2595 Scx
737 2562 842 2596 codd.
879 2564 1126 2610 G‹)(l0fi·icltc.x·;
1154 2564 1211 2598 all.
1245 2562 1480 2610 Gods'fiv‘dus,
1514 2562 1745 2609 Golcsridus,
1780 2562 1943 2607 Golrgsm'-

526 2617 613 2661 flue,
646 2621 880 2666 (iulqsredus.
