2043 3193
510 156 557 192 78
843 151 963 190 VITA
994 151 1186 191 KAROLI
1218 150 1577 189 IMPERATORIS.

573 237 754 285 XXIV.
795 238 848 283 ln
873 236 981 285 cibo
1001 238 1072 301 (1)
1096 248 1143 284 et
1165 246 1283 301 potu
1307 246 1599 299 temperans,
1622 235 1699 282 sed
1723 236 1772 281 in
1797 245 1915 300 potu

507 313 865 376 temperantior,
891 314 1067 378 quippe
1090 313 1171 378 qui
1202 311 1480 359 ebrietatem
1505 311 1554 357 in
1584 311 1917 376 qualicumque

508 391 727 446 homine,
755 390 931 437 nedum
956 392 1003 437 in
1032 409 1078 437 se
1105 408 1157 436 ac
1186 390 1301 446 suis,
1335 389 1595 453 plurimum
1617 386 1919 436 abominaba-

509 478 604 513 tur.
636 466 756 515 Cibo
785 468 914 515 enim
944 486 1043 516 non
1067 468 1182 515 adeo
1214 466 1450 514 abstinere
1481 476 1696 530 poterat,
1720 477 1775 512 ut
1797 483 1919 530 saepe

508 554 804 608 quereretur,
827 545 968 591 noxia
995 545 1184 609 corpori
1205 561 1290 590 suo
1308 561 1402 590 esse
1414 543 1606 607 jejunia.
1632 541 1920 589 Convivaba-

510 632 589 667 tur
608 621 681 685 (2)
701 622 935 668 rarissime
950 657 962 675 ,
985 632 1030 668 et
1052 621 1140 669 hoc
1159 621 1411 686 praecipuis
1437 630 1624 666 tantum
1647 619 1921 667 festivitati—

511 698 621 755 bus,
669 709 784 744 tunc
836 709 994 745 tamen
1044 716 1152 745 cum
1193 715 1366 762 magno
1404 697 1655 745 hominum
1698 714 1917 743 numero.

511 776 659 822 Coena
682 776 752 839 (5)
772 775 1044 841 quotidiana
1065 776 1307 840 quaternis
1331 785 1519 821 tantum
1535 773 1729 821 ferculis
1746 772 1924 837 praebe-

511 851 669 909 batur,
695 862 871 916 praeter
897 869 1071 908 assam,
1099 869 1241 916 quam
1258 862 1504 898 venatores
1527 849 1731 897 verubus
1749 850 1824 914 (4)
1849 849 1923 895 in-

511 927 636 975 ferre
657 928 894 985 solebant,
922 946 1012 993 qua
1043 928 1122 976 ille
1151 928 1378 975 libentius
1406 945 1550 992 quam
1577 927 1676 973 ullo
1699 926 1791 972 alio
1816 924 1924 973 cibo

514 1005 804 1052 vescebatur.
832 1007 963 1052 Inter
987 1005 1276 1052 coenandum
1301 1017 1382 1051 aut
1408 1004 1601 1070 aliquod
1623 1020 1836 1050 acroama
1856 1003 1924 1065 (5)

514 1094 594 1129 aut
618 1084 844 1130 lectorem
862 1083 1096 1130 audiebat.
1123 1082 1422 1148 Legebantur
1438 1083 1479 1128 ei
1504 1081 1715 1129 historiae
1734 1089 1782 1127 et
1804 1079 1924 1126 anti-

515 1179 723 1226 quorum
759 1179 830 1208 res
854 1162 924 1224 (6)
962 1171 1120 1225 gestae.
1160 1160 1491 1208 Delectabatur
1526 1170 1573 1207 et
1609 1158 1743 1205 libris
1778 1158 1927 1205 sancti

516 1238 793 1302 Augustini,
822 1239 1155 1302 praecipueque
1178 1238 1248 1284 his
1270 1238 1352 1302 qui
1373 1238 1430 1285 de
1450 1238 1637 1283 civitate
1655 1237 1739 1283 Dei
1764 1235 1931 1300 praeti-

520 1316 656 1361 tulati
674 1325 785 1361 sunt
805 1316 897 1379 (7).
924 1315 1035 1363 Vini
1056 1316 1127 1379 (8)
1148 1326 1194 1362 et
1214 1315 1368 1362 omnis
1391 1324 1532 1379 potus
1548 1313 1662 1361 adeo
1685 1331 1853 1378 parcus
1880 1313 1930 1358 in

519 1392 728 1440 bibendo
763 1404 893 1451 erat,
935 1404 988 1440 ut
1023 1411 1163 1457 super
1196 1410 1385 1440 coenam
1415 1410 1524 1440 raro
1546 1392 1653 1457 plus
1684 1409 1827 1457 quam
1858 1401 1932 1438 ter

519 1471 723 1518 biberet.
749 1473 928 1519 AEstate
947 1482 1054 1536 post
1075 1472 1143 1536 (9)
1171 1470 1329 1518 cibum
1346 1471 1661 1518 meridianum
1679 1485 1932 1533 pomorum

520 1547 698 1611 aliquid
722 1565 936 1605 sumens,
963 1566 1014 1594 ac
1034 1548 1174 1595 semel
1193 1546 1385 1603 bibens,
1407 1547 1631 1611 depositis
1654 1545 1863 1592 vestibus
1886 1554 1933 1591 et

523 1625 848 1671 calceamentis
860 1660 873 1682 ‚
900 1626 1030 1672 velut
1052 1635 1200 1672 noctu
1219 1625 1384 1672 solitus
1400 1633 1524 1683 erat,
1544 1622 1725 1669 duabus
1742 1631 1824 1668 aut
1841 1622 1934 1668 tri-

522 1701 610 1747 bus
649 1702 777 1749 horis
814 1702 1101 1768 quiescebat.
1139 1703 1370 1750 Noctibus
1406 1703 1508 1766 (10)
1547 1702 1611 1748 sic
1642 1698 1931 1755 dormiebat,

523 1790 578 1825 ut
602 1797 823 1826 somnum
853 1790 1020 1845 quater
1055 1791 1137 1828 aut
1161 1780 1412 1845 quinquies
1446 1796 1545 1825 non
1576 1778 1728 1825 solum
1765 1794 1936 1841 exper-

573 1983 624 2025 (1)
650 1981 707 2016 Cf.
728 1981 828 2016 Suet.
849 1982 945 2029 Aug.
967 1994 996 2016 c.
1013 1982 1068 2030 76.

573 2047 623 2093 (2)
648 2047 706 2081 Cf.
729 2047 817 2081 ibid.
840 2060 871 2082 c.
893 2050 949 2094 74.

575 2113 624 2159 (5)
649 2114 705 2149 Cf.
727 2114 816 2148 ibid.

575 2183 625 2227 (4)
651 2183 704 2217 Ita
719 2182 857 2217 habent
874 2183 918 2217 D.
940 2183 1068 2230 Bouq„
1090 2183 1249 2218 Nuenar.
1267 2195 1386 2218 comes
1400 2190 1436 2218 et
1452 2190 1609 2230 quatuor
1626 2182 1732 2217 codd.
1750 2202 1791 2207 —-
1805 2181 1908 2215 Pertz
1927 2195 1933 2212 ·.

528 2242 690 2276 veribus.

574 2309 624 2354 (5)
652 2309 707 2345 Cf.
734 2310 833 2345 Suet.
853 2311 947 2357 Aug.
965 2323 996 2344 c.
1017 2312 1082 2358 743
1103 2310 1253 2356 Vespas.
1275 2322 1304 2344 c.
1331 2322 1383 2356 19·

575 2377 624 2423 (6)
651 2378 812 2412 Nuenar.
829 2390 967 2422 comes,
990 2391 1074 2413 cum
1093 2385 1174 2413 octo
1195 2378 1301 2413 codd.
1323 2390 1448 2425 regum
1469 2383 1585 2423 gesta.

576 2447 626 2493 (7)
651 2447 811 2481 Nuenar.
831 2458 952 2481 comes
972 2463 978 2481 ε
1001 2461 1091 2494 (suos
1109 2447 1154 2482 (le
1174 2449 1316 2482 civitate
1336 2447 1407 2482 Dei
1420 2447 1616 2491 inscripsit.

577 2514 626 2558 (8)
651 2514 708 2549 Cs.
730 2514 827 2549 Suet.
844 2515 939 2561 Aug.
962 2528 993 2550 c.
1014 2527 1071 2563 77.

580 2583 630 2627 (9)
656 2582 713 2616 Cf.
735 2583 835 2617 Suet.
857 2584 952 2630 Aug.
975 2596 1004 2618 c.
1027 2584 1084 2632 78.

578 2648 651 2691 sio)
675 2649 731 2682 Cl'.
754 2649 841 2682 ibid⁴
