1924 3183
315 156 394 194 392
828 151 1203 190 HLUDOWICUS.

312 238 551 288 Michaelis
569 239 867 302 imperatoris
884 238 941 286 de
958 238 1377 302 Constantinopoli
1395 238 1452 285 ad
1472 240 1731 303 imperato-

314 334 416 364 rem
449 317 580 381 quasi
604 326 804 381 propter
831 315 991 363 foedus
1023 315 1406 363 confirmandum
1432 317 1588 374 missi,
1623 335 1732 382 sep-

316 393 523 441 tembrIO
567 410 729 441 mense
777 392 1127 457 Compendium
1166 403 1404 441 venerunt
1424 429 1439 453 ,
1487 411 1608 459 quos
1653 396 1732 444 ille

317 471 382 517 ibi
408 471 482 534 (1)
505 469 713 535 benigne
735 481 950 535 receptos
976 469 1042 516 ibi
1068 481 1116 516 et
1137 470 1316 516 audivit
1340 480 1386 517 et
1410 470 1614 517 absolvit
1638 472 1729 535 (2).

314 551 527 614 Corpora
549 547 931 597 beatissimorum
951 559 1219 614 martyrum
1243 548 1513 595 Marcellini
1534 559 1581 596 et
1603 549 1731 596 Petri

315 628 372 674 de
388 627 536 674 Roma
556 624 756 684 sublata,
775 637 822 674 et
835 625 1057 674 octobrio
1072 643 1233 673 mense
1252 625 1300 671 in
1319 626 1566 672 Franciam
1584 635 1734 672 trans-

317 705 434 761 lata,
464 713 512 750 et
545 702 611 749 ibi
642 703 805 750 multis
841 704 984 768 signis
1019 714 1160 768 atque
1190 702 1449 749 virtutibus
1482 701 1732 749 clarificata

318 791 444 827 sunt.

833 1152 1220 1200 DCCCXXVIll.

385 1261 663 1308 Conventus
697 1258 982 1324 Aquisgrani
1022 1275 1182 1305 mense
1217 1258 1341 1305 febr.
1379 1259 1530 1304 factus
1560 1269 1654 1316 est,
1689 1258 1739 1305 in

321 1355 419 1403 quo
450 1354 559 1384 cum
583 1336 640 1383 de
665 1336 829 1382 multis
854 1336 956 1382 aliis
980 1336 1152 1394 causis,
1182 1347 1285 1383 tum
1308 1337 1548 1401 praecipue
1570 1337 1628 1384 de
1653 1337 1736 1393 iis,

320 1433 430 1480 quae
453 1416 503 1461 in
523 1431 678 1460 marca
702 1414 955 1478 Hispanica
980 1414 1313 1479 contigerunt,
1335 1415 1458 1462 ratio
1481 1413 1666 1472 habita,
1692 1425 1741 1461 et

322 1493 459 1558 legati
498 1493 581 1557 qui
618 1492 843 1539 exercitui
873 1502 1115 1556 praeerant
1150 1492 1406 1557 culpabiles
1444 1493 1655 1549 inventi,
1694 1502 1742 1540 et

315 1574 450 1635 juxta
485 1572 654 1618 merita
690 1588 770 1617 sua
810 1570 1052 1617 honorum
1091 1571 1341 1618 amissione
1382 1570 1572 1617 multati
1610 1579 1737 1617 sunt.

322 1650 553 1697 Similiter
575 1659 622 1696 et
639 1648 908 1696 Baldericus
921 1685 935 1706 ,
961 1648 1056 1695 dux
1073 1649 1412 1713 Forojuliensis
1425 1685 1438 1707 ,
1463 1666 1571 1695 cum
1592 1666 1742 1713 prop-

323 1739 397 1775 ter
420 1730 517 1792 ejus
547 1727 782 1791 ignaviam
808 1726 1124 1791 Bulgarorum
1152 1728 1384 1774 exercitus
1410 1727 1639 1774 terminos
1670 1726 1741 1789 (3)

324 1804 587 1851 Pannoniae
634 1803 892 1867 superioris
940 1803 1135 1868 impune
1181 1813 1400 1850 vastasset.
1421 1840 1433 1861 ,
1478 1801 1744 1849 honoribus

324 1899 445 1946 quos
475 1880 676 1927 habebat
709 1882 945 1945 privatus,
976 1890 1023 1927 et
1046 1898 1200 1926 marca
1219 1916 1232 1937 ,
1269 1897 1412 1944 quam
1445 1879 1570 1926 solus
1607 1889 1745 1926 tene-

325 1958 407 2004 bat
430 1959 498 2021 (A.)
513 1994 525 2015 ‚
556 1958 682 2004 inter
707 1968 914 2021 quatuor
940 1958 1136 2005 comites
1167 1957 1310 2003 divisa
1336 1967 1422 2003 est.
1459 1956 1744 2021 Halitgarius

326 2035 673 2082 Cameracensis
697 2036 945 2099 episcopus
964 2046 1011 2082 et
1034 2035 1286 2082 Ansfridus
1307 2034 1448 2081 abbas
1467 2034 1743 2082 monasterii

328 2113 619 2161 Nonantulae
660 2113 1129 2176 Constantinopolim
1166 2113 1324 2170 missi,
1368 2123 1415 2160 et
1456 2131 1478 2158 a
1518 2112 1746 2159 Michaele

330 2193 642 2254 imperatore,
669 2195 790 2236 sicut
809 2192 894 2254 ipsi
921 2190 1030 2238 inde
1047 2192 1221 2237 reversi
1246 2191 1517 2238 retulerunt
1535 2191 1634 2254 (5),
1657 2190 1746 2238 ho-

377 2368 426 2413 (1)
452 2367 613 2401 Nuenar.
632 2378 724 2401 com.
745 2373 782 2401 et
800 2366 843 2401 D.
865 2366 980 2413 Bouq.
1000 2379 1091 2413 quos
1109 2369 1309 2412 imperator
1326 2367 1494 2413 benigne.

376 2428 426 2473 (2)
451 2428 521 2462 Hic
538 2426 702 2474 quaedam
725 2426 846 2461 adhuc
869 2426 1067 2473 interpolat
1086 2427 1269 2463 Freherus
1292 2439 1334 2462 ex
1356 2427 1428 2461 vita
1452 2426 1661 2461 Hludowici
1685 2437 1745 2459 ca-

331 2489 398 2533 pit.
420 2490 473 2530 41.

378 2545 427 2591 (3)
453 2547 497 2580 D.
520 2546 632 2592 Bouq.
648 2558 731 2579 cuin
752 2545 912 2580 Nuenar.
935 2546 1058 2580 comit.
1081 2546 1350 2592 Bulgm‘i'siues
1370 2546 1585 2580 Pannoniae.

381 2610 430 2650 (4)
464 2607 577 2651 Quam
596 2620 625 2639 s.
650 2612 671 2638 l.
697 2604 797 2639 deest
815 2605 913 2651 apud
932 2604 1090 2639 cosdem.

381 2664 431 2705 (5)
460 2666 586 2700 Sicut..
614 2691 634 2696 ..
657 2666 858 2698 resulernnt
879 2664 976 2699 deest
995 2677 1052 2710 ap.
1073 2664 1229 2699 cosdem
