1924 3183
379 149 428 183 86
711 142 834 179 VITA
865 141 1056 179 KAROLI
1090 139 1449 177 IMPERATORIS.

377 228 674 277 Alexandriae
699 238 839 292 atque
875 225 1145 291 Carthagini
1183 226 1283 289 (ι),
1311 224 1391 270 ubi
1418 224 1698 272 christianos
1734 226 1784 271 in

375 315 650 370 paupertate
675 305 832 351 vivere
857 312 1177 367 compererat,
1202 302 1416 365 penuriae
1440 301 1632 349 illorum
1654 317 1787 347 com-

375 383 584 446 patiens,
613 382 864 446 pecuniam
887 382 1078 427 mittere
1106 378 1313 436 solebat3
1354 378 1418 426 ob
1456 377 1547 426 hoc
1585 379 1788 426 maxime

376 459 805 506 transmarinorum
829 475 995 523 regum
1017 458 1245 504 amicitias
1269 466 1518 520 expetens,
1550 467 1606 502 ut
1639 455 1789 502 chris-

376 536 515 582 tianis
553 534 640 582 sub
684 553 851 584 eorum
886 534 1137 582 dominatu
1171 532 1450 599 degentibus
1486 533 1789 598 refrigerium

376 613 569 679 aliquod
591 631 643 659 ac
666 613 890 660 relevatio
910 613 1184 676 proveniret
1203 613 1288 677 (2).
1316 611 1511 659 Colebat
1529 628 1629 676 prae
1648 621 1791 659 caete-

376 692 440 737 ris
466 691 604 738 sacris
621 701 667 738 et
688 688 1037 737 venerabilibus
1052 690 1168 737 locis
1186 689 1310 754 apud
1329 691 1530 745 Romam
1550 688 1791 736 ecclesiam

377 768 500 815 beati
525 769 650 815 Petri
676 767 876 832 apostoli
907 768 977 831 (ὅ)
995 801 1010 825 ,
1045 768 1093 813 in
1127 769 1257 832 cujus
1293 767 1488 814 donaria
1519 783 1688 831 magna
1722 766 1792 812 vis

378 847 624 910 pecuniae,
665 857 761 892 tam
792 846 841 891 in
865 861 982 891 auro
1006 861 1150 910 quam
1181 846 1230 891 in
1255 855 1451 910 argento
1467 880 1482 904 ,
1506 862 1595 891 nee
1620 860 1719 890 non
1745 852 1793 890 et

377 922 592 985 gemmis,
614 921 672 967 ab
698 921 781 968 illo
806 930 1025 984 congesta
1046 930 1131 967 est.
1153 920 1304 967 Multa
1329 930 1377 968 et
1401 921 1650 967 innumera
1672 936 1792 985 pon-

380 997 587 1047 tificibus
612 1015 809 1044 munera
836 998 1002 1055 missa,
1023 1015 1178 1063 neque
1203 997 1281 1045 ille
1301 1007 1405 1045 toto
1424 997 1557 1061 regni
1582 996 1653 1042 sui
1677 1006 1794 1043 tem·-

380 1094 497 1141 pore
531 1076 789 1141 quicquam
824 1076 959 1121 duxit
993 1076 1233 1140 antiquius
1270 1076 1372 1142 (4),
1413 1093 1557 1140 quam
1593 1085 1647 1121 ut
1679 1073 1794 1120 urbs

380 1154 526 1200 Roma
546 1170 624 1198 sua
645 1169 787 1215 opera
807 1169 986 1217 suoque
1006 1151 1168 1200 labore
1187 1163 1343 1199 vetere
1363 1152 1566 1217 polleret
1590 1151 1794 1198 auctori-

383 1241 504 1287 tate,
531 1242 576 1277 et
601 1230 790 1276 ecclesia
816 1231 962 1276 sancti
983 1232 1108 1277 Petri
1129 1249 1214 1295 per
1235 1231 1368 1277 illum
1392 1248 1491 1277 non
1515 1230 1669 1278 solum
1694 1239 1795 1275 tuta

382 1325 432 1353 ac
456 1307 643 1354 defensa
659 1343 671 1364 ,
694 1308 774 1355 sed
791 1309 934 1355 etiam
954 1309 1046 1354 suis
1074 1307 1247 1373 opibus
1270 1325 1370 1373 prae
1397 1307 1622 1355 omnibus
1643 1306 1798 1354 eccle-

382 1385 458 1430 siis
492 1385 559 1447 (5)
599 1395 717 1431 esset
751 1396 918 1433 ornata
954 1396 1095 1451 atque
1135 1385 1298 1432 ditata.
1340 1384 1493 1446 Quam
1531 1403 1639 1431 cum
1676 1384 1796 1431 tanti

382 1461 635 1524 penderet,
658 1473 813 1508 tamen
844 1465 967 1509 intra
989 1479 1121 1509 van
1140 1479 1380 1510 annorum
1396 1501 1406 1521 ,
1428 1462 1603 1528 quibus
1626 1479 1799 1526 regna-

383 1548 535 1594 verat,
557 1539 761 1602 spatium
780 1550 948 1603 quater
975 1551 1163 1586 tantum
1187 1541 1271 1587 illo
1293 1550 1521 1588 votorum
1546 1539 1800 1588 solvendo-

383 1634 491 1661 rum
515 1633 567 1661 ac
591 1616 884 1680 supplicandi
914 1635 1045 1665 eausa
1069 1617 1312 1682 profectus
1336 1627 1406 1666 est
1423 1617 1513 1682 (6).

447 1771 679 1820 XXVIII.
717 1773 887 1819 Ultimi
913 1773 1140 1820 adventus
1163 1774 1234 1820 sui
1261 1790 1360 1820 non
1386 1773 1541 1820 solum
1563 1772 1637 1819 11ae
1667 1772 1801 1820 fuere

386 1866 560 1906 causae,
595 1866 761 1896 verum
798 1851 939 1897 etiam
964 1849 1093 1915 quod
1120 1850 1324 1897 Romani
1359 1851 1570 1896 Leonem
1600 1848 1801 1914 pontifi-

387 1943 515 1982 cem,
554 1926 716 1972 multis
746 1928 968 1974 affectum
1007 1927 1222 1992 injuriiS,
1258 1927 1403 1975 erutis
1439 1926 1618 1973 seilicet
1651 1926 1803 1972 oculis

432 2106 481 2150 (1)
507 2105 578 2140 All.
619 2106 812 2150 Clzartani,
853 2107 1085 2154 Clzarlagim',
1123 2106 1330 2155 Cartagini,
1368 2107 1589 2154 Carthagini
1594 2124 1604 2148 ;
1637 2107 1803 2144 Nuenart

387 2177 480 2199 com.
507 2165 779 2212 Carthaginem.

433 2226 483 2270 (2)
509 2224 602 2259 Cod.
624 2225 758 2262 Venet.
771 2226 848 2271 jam
862 2225 1029 2261 laudatus
1047 2227 1108 2261 hic
1126 2226 1229 2262 addit
1245 2243 1251 2262 z
1270 2227 1490 2262 Redimebat
1503 2239 1628 2262 omnes
1642 2228 1804 2272 captivos

388 2291 421 2317 et
445 2284 612 2319 detentos
638 2287 674 2318 in
702 2286 872 2320 manibus
899 2286 1141 2321 harbarorum
1168 2293 1202 2321 et
1229 2289 1305 2321 suis
1328 2288 1494 2334 pecuniis
1520 2299 1582 2322 eos
1608 2286 1804 2321 liberabat„

390 2344 440 2377 De
458 2356 531 2391 quo
547 2343 796 2379 additamento
816 2344 913 2380 idem
933 2358 972 2380 ac
987 2358 1095 2392 supra
1114 2345 1394 2392 dijudicandum
1412 2354 1479 2381 est.

433 2402 482 2447 (5)
509 2403 601 2439 Cod.
623 2404 837 2441 Vindobon.
862 2398 902 2440 16
920 2412 956 2440 et
974 2406 1048 2440 duo
1069 2406 1130 2441 alii
1155 2422 1161 2440 τ
1186 2407 1290 2441 Petri
1302 2413 1337 2441 et
1356 2407 1483 2447 Paulis
1505 2406 1558 2441 vel
1575 2405 1680 2441 Petri
1693 2418 1804 2451 apos·

391 2464 453 2496 {wli
471 2470 504 2497 ct
523 2464 646 2497 Pauli.

436 2523 483 2564 (4)
509 2522 565 2555 Cf.
588 2522 689 2556 Suet.
711 2523 859 2569 Vespas.
880 2536 910 2557 c.
934 2526 965 2558 ὃ.

435 2578 484 2622 (5)
511 2580 603 2613 (ἴυιὶ.
625 2581 838 2616 Ἣηίίοὺοιι.
858 2582 925 2631 667
943 2600 947 2617 ;
969 2597 1047 2628 prs&
1068 2584 1235 2618 ‘menibus
1255 2584 1349 2618 aldis.

438 2638 485 2683 (o)
512 2640 569 2673 Cf.
591 2641 690 2674 Surt.
713 2641 839 2676 Tibcr.
861 2655 889 2677 c.
911 2655 965 2688 72.
