1924 3183
427 198 500 234 162
997 191 1029 227 l<
1038 189 1246 228 AROLUS.

427 282 652 329 incendiis
676 299 726 327 ac
751 278 1100 343 direptionibus
1127 286 1294 324 cuncta
1318 276 1560 323 devastans
1578 316 1589 338 ‚
1618 279 1833 342 complu-

424 359 555 405 ribus
590 358 728 405 etiam
763 357 1028 412 Saxonum,
1054 354 1133 419 qui
1166 354 1382 400 resistere
1400 354 1556 400 conati
1582 364 1721 411 sunt,
1757 355 1832 401 in-

422 436 651 492 terfectis,
675 453 784 482 cum
810 434 989 499 ingenti
1016 433 1171 497 praeda
1192 449 1428 496 regressus
1448 442 1532 480 est.

489 513 715 578 [Karolus
735 512 792 558 ab
812 512 942 557 ltalia
964 509 1233 574 regrediens
1251 508 1595 555 dedicationem
1626 509 1830 555 ecclesiae

423 592 580 637 Sancti
597 590 779 637 Nazarii
793 589 1016 653 martyris
1027 598 1073 634 et
1090 587 1447 634 translationem
1463 586 1676 649 corporis
1693 586 1833 650 ipsius

424 670 471 716 in
499 668 785 718 monasterio
802 677 969 714 nostro
986 664 1302 729 Lauresheym
1323 663 1577 710 celebravit
1590 699 1603 720 ,
1623 681 1751 710 anno
1768 664 1835 710 in-

423 746 707 794 carnationis
732 744 925 792 Domini
946 759 1186 789 nchxxlv
1206 742 1300 788 kal.
1327 751 1444 805 sept}
1466 741 1585 805 (1).]

971 1114 1291 1161 DCCLXXV.

489 1226 609 1270 Cum
630 1241 711 1269 rex
729 1223 774 1267 in
791 1222 898 1266 villa
915 1221 1148 1267 Carisiaco
1166 1219 1393 1265 hiemaret
1406 1257 1415 1273 ,
1434 1219 1686 1266 consilium
1702 1219 1833 1276 iniit,

426 1313 477 1347 ut
496 1300 722 1366 perfidam
747 1317 799 1344 ac
825 1297 1123 1361 foedifragam
1143 1298 1386 1343 Saxonum
1404 1307 1594 1360 gentem
1617 1295 1745 1343 bello
1765 1313 1839 1361 ag-

425 1379 725 1443 grederetur,
761 1387 807 1422 et
840 1393 895 1421 eo
928 1393 1075 1439 usque
1103 1384 1448 1437 perseveraret,
1479 1374 1593 1419 dum
1618 1383 1698 1419 aut
1726 1375 1838 1419 victi

426 1456 694 1502 christianae
714 1452 932 1517 religioni
958 1450 1288 1497 subicerentur
1310 1451 1403 1514 (2),
1431 1461 1509 1496 aut
1533 1451 1733 1497 omnino
1754 1451 1841 1498 tol-

428 1537 657 1581 lerentur.
679 1531 949 1594 Habitoque
967 1527 1090 1592 apud
1111 1528 1306 1573 Duriam
1327 1528 1486 1574 villam
1505 1528 1707 1592 generali
1730 1545 1841 1575 con-

424 1622 571 1657 ventu
586 1645 597 1665 ‚
620 1598 783 1654 Hreno
805 1623 996 1671 quoque
1017 1606 1089 1670 (5)
1113 1605 1385 1651 transmisso
1399 1641 1412 1662 ,
1444 1623 1552 1650 cum
1572 1606 1684 1653 totis
1707 1607 1839 1669 regni

428 1687 608 1733 viribus
631 1685 881 1732 Saxoniam
897 1683 1036 1747 petiit
1052 1717 1064 1737 ‚
1092 1692 1138 1727 et
1162 1681 1318 1745 primo
1337 1682 1495 1727 statim
1518 1683 1696 1745 impetu
1722 1682 1842 1745 Sigi-

428 1766 633 1829 hurgum
655 1773 860 1808 castrum
881 1761 972 1823 (4),
995 1760 1043 1805 in
1064 1776 1160 1823 quo
1173 1759 1413 1805 Saxonum
1428 1759 1702 1822 praesidium
1721 1769 1838 1815 erat,

427 1841 684 1907 pugnando
710 1841 852 1903 cepit.
887 1836 1232 1903 AEresburgum
1262 1837 1388 1883 aliud
1413 1849 1616 1883 castrum
1641 1838 1667 1884 a
1696 1840 1842 1885 Saxo-

428 1919 568 1966 nibus
585 1917 879 1964 destructum
898 1915 1131 1970 munivit,
1154 1925 1201 1960 et
1221 1914 1269 1959 in
1291 1931 1347 1960 eo
1367 1914 1661 1961 Francorum
1677 1915 1843 1979 praesi-

429 1998 558 2043 dium
586 1995 763 2059 posuit.
805 1993 919 2039 Inde
950 1992 1006 2038 ad
1035 1992 1280 2038 Wisuram
1312 1991 1515 2037 fluvium
1538 1993 1758 2048 veniens,
1794 1993 1843 2039 in

432 2092 488 2121 eo
528 2074 632 2120 loco
678 2072 758 2136 qui
802 2069 1101 2134 Brunesberg
1139 2070 1212 2133 (5)
1256 2087 1366 2116 voca
1376 2081 1475 2127 tur,
1516 2081 1846 2135 congregatam

475 2291 525 2336 (1)
550 2289 634 2322 Haec
648 2285 767 2328 verba,
781 2284 927 2318 uncinis
938 2282 1075 2317 inclusa
1091 2299 1096 2316 :
1112 2284 1304 2318 Kar-olus..
1315 2313 1335 2317 ..
1351 2290 1457 2330 sept„
1471 2296 1549 2331 quae
1561 2284 1658 2330 apud
1667 2284 1711 2318 D.
1725 2284 1841 2332 Bouq.

430 2359 465 2387 et
478 2350 537 2385 all.
552 2347 640 2383 edit.
655 2346 840 2392 leguntur,
863 2344 901 2378 in
914 2350 1057 2377 textum
1071 2355 1177 2377 suum
1197 2355 1271 2378 non
1289 2344 1436 2378 admisit
1450 2344 1573 2387 Pertz,
1595 2356 1661 2379 nec
1679 2345 1718 2379 in
1736 2343 1839 2379 codd.

432 2412 475 2445 ab
493 2422 535 2444 eo
554 2406 710 2441 laudatis
730 2404 978 2451 reperiuntur.

476 2470 525 2514 (2)
550 2468 606 2501 Ita
624 2470 831 2500 constanter
845 2462 987 2497 codices
1006 2460 1116 2495 medii
1134 2462 1194 2495 aevi
1212 2461 1287 2496 fere
1303 2474 1440 2497 omnes.
1457 2462 1624 2497 Editores
1637 2463 1835 2510 subjicere,

429 2530 617 2574 srajicere‚
640 2531 724 2566 etc.‚
742 2535 784 2557 ex
802 2534 866 2556 suo
881 2521 1030 2567 iugenio
1045 2529 1263 2567 receperunt
1277 2523 1288 2566 (
1300 2522 1403 2556 Pertz
1418 2524 1442 2566 ).

478 2585 526 2630 (5)
551 2584 644 2619 Cod.
662 2583 870 2617 Hannover.
891 2580 1075 2625 Renoque.

478 2647 526 2690 (4)
553 2645 595 2677 D.
612 2644 712 2688 Bouq
748 2641 985 2687 Sigiburgum
1003 2651 1136 2673 arcem.

481 2702 531 2746 (5)
558 2701 629 2735 All.
649 2699 895 2735 Brzmcslterc,
917 2697 1192 2741 Brwmesberg.
