1924 3183
426 145 449 179 ⁸2
461 141 504 179 14
1011 138 1259 177 KAROLUS.

426 227 595 274 cendio
642 236 992 273 concrematum
1036 236 1117 272 est.
1163 223 1232 271 Ibi
1272 235 1427 272 tamen
1460 242 1763 289 permanens,
1793 238 1840 273 et

425 303 640 351 Natalem
673 303 867 350 Domini
910 313 956 349 et
1011 301 1180 348 Pascha
1212 319 1345 349 more
1388 301 1587 348 solemni
1630 301 1839 349 celebra-

428 383 498 427 vit,
525 382 616 444 (ι).

1015 753 1263 800 DCCXCI.

501 863 754 908 Transacta
773 862 907 907 verni
931 861 1155 923 temperie
1176 860 1278 923 (2),
1301 859 1421 905 circa
1441 859 1615 904 aestatis
1633 858 1840 914 initium,

434 957 516 986 rex
547 939 604 985 de
628 937 904 985 Wormacia
930 954 1126 985 movens
1142 973 1155 993 ,
1194 936 1453 1000 Bajoariam
1482 936 1725 1000 profectus
1748 946 1842 992 est,

435 1035 484 1065 ea
509 1016 817 1063 meditatione
840 1016 939 1078 (3),
965 1025 1020 1060 ut
1042 1014 1192 1060 Hunis
1214 1013 1452 1060 factorum
1478 1030 1673 1059 suorum
1696 1013 1847 1059 vicem

438 1094 682 1153 redderet,
713 1104 760 1140 et
783 1093 871 1150 eis,
892 1102 1075 1157 quanto
1113 1091 1308 1139 celerius
1336 1092 1406 1156 (4)
1441 1101 1622 1157 posset,
1668 1091 1847 1137 bellum

436 1174 653 1220 inferret.
681 1171 972 1235 Comparatis
992 1171 1138 1234 igitur
1165 1170 1221 1216 ad
1244 1170 1334 1216 hoc
1358 1188 1413 1216 ex
1433 1171 1564 1217 omni
1590 1187 1738 1234 regno
1762 1186 1847 1215 suo

438 1267 580 1314 quam
620 1248 915 1294 validissimis
942 1247 1114 1310 copiis,
1155 1257 1202 1293 et
1226 1246 1567 1293 commeatibus
1591 1263 1849 1311 congrega-

438 1328 497 1374 tis
515 1328 604 1391 (5),
632 1325 860 1390 bipartito
883 1325 1093 1371 exercitu
1118 1324 1208 1370 iter
1225 1341 1360 1387 agere
1385 1324 1548 1388 coepit.
1576 1323 1717 1386 Cujus
1739 1342 1850 1388 par-

438 1416 534 1452 tem
559 1403 861 1450 Theoderico
893 1403 1056 1448 comiti
1089 1411 1136 1449 et
1166 1399 1454 1466 Meginfrido
1485 1401 1744 1448 camerario
1781 1401 1851 1464 (6)

439 1499 523 1529 suo
555 1480 858 1527 committens
875 1514 887 1535 ‚
916 1496 995 1525 eos
1018 1496 1103 1543 per
1128 1478 1445 1543 aquilonalem
1470 1477 1674 1524 Danubii
1699 1479 1851 1542 ripam

442 1562 531 1607 iter
553 1576 688 1623 agere
704 1557 860 1621 jussit.
882 1558 984 1620 Ipse
1008 1574 1113 1602 cum
1142 1557 1228 1602 alia
1251 1566 1384 1620 parte
1406 1574 1547 1620 quam
1567 1573 1725 1603 secum
1744 1556 1851 1602 reti-

440 1639 574 1694 nuit,
608 1636 857 1682 australem
891 1634 1099 1699 ejusdem
1122 1634 1333 1681 fluminis
1369 1635 1523 1698 ripam
1557 1634 1851 1680 Pannoniam

439 1717 677 1782 petiturus
740 1714 1015 1778 occupavit,
1071 1713 1295 1776 BajOariis
1353 1730 1462 1759 cum
1513 1710 1852 1759 commeatibus

441 1794 697 1847 exercitus,
719 1792 801 1856 qui
829 1790 1026 1836 navibus
1049 1788 1425 1845 devehebantur,
1465 1807 1551 1853 per
1580 1787 1851 1836 Danubium

438 1870 637 1919 secunda
672 1885 787 1934 aqua
823 1867 1101 1914 descendere
1128 1868 1284 1930 jussis.
1319 1867 1387 1913 Ac
1421 1867 1485 1912 sic
1522 1866 1744 1913 inchoato
1773 1867 1852 1912 iti-

439 1965 576 2004 nere,
602 1946 754 2010 prima
773 1955 918 1990 castra
942 1962 1082 2008 super
1099 1943 1303 1990 Anesum
1326 1943 1397 2006 (7)
1417 1943 1567 2006 posita
1584 1954 1719 2000 sunt3
1742 1960 1850 1988 nam

438 2025 475 2070 is
494 2023 663 2070 fluvius
688 2023 813 2067 inter
835 2021 1158 2084 Baj0ariorum
1179 2031 1320 2084 atque
1340 2021 1594 2066 Hunorum
1619 2019 1848 2069 terminos

438 2100 619 2147 medius
639 2115 832 2144 currens
847 2132 858 2152 ,
882 2107 1037 2144 certus
1059 2097 1262 2144 duorum
1284 2114 1543 2161 regnorum
1558 2096 1690 2143 limes
1709 2095 1847 2142 habe-

522 2281 534 2319 )
561 2277 606 2310 D.
626 2276 741 2321 Bouq.
764 2286 848 2308 cum
867 2273 1029 2307 Nuenar.
1050 2274 1182 2307 comite
1202 2288 1207 2306 :
1230 2279 1264 2306 et
1281 2278 1450 2306 sanctum
1473 2271 1620 2306 Pascha
1637 2271 1845 2306 celebravit.

524 2338 534 2382 )
560 2335 677 2370 Iidem
695 2350 701 2367 z
726 2334 932 2367 Transacto
951 2346 1050 2367 vere.

523 2397 533 2440 )
560 2392 676 2429 Codd.
700 2392 864 2426 Hannov.
882 2397 917 2425 et
937 2389 1150 2426 Vindobon.
1176 2401 1238 2424 110
1258 2396 1293 2424 et
1311 2401 1380 2437 990
1402 2405 1408 2422 τ
1431 2402 1472 2423 ea
1489 2388 1705 2424 conditione.

524 2455 534 2499 )
561 2453 721 2487 Nuenar.
742 2462 861 2485 comes
880 2456 917 2483 ot
932 2450 975 2484 D.
997 2450 1112 2497 Bouq.
1133 2462 1243 2496 quam
1259 2451 1429 2494 primum.

486 2513 537 2616 ζ

485 2280 514 2323 (1

485 2339 519 2382 (2

485 2394 520 2440 (5

486 2456 520 2532 ἶ

501 2457 520 2547 vis-x

568 2512 810 2557 Congregatis
829 2509 929 2544 deest
948 2509 1043 2557 apud
1063 2509 1164 2545 eosd.
1184 2516 1219 2543 et
1238 2509 1276 2543 in
1295 2508 1372 2543 cod.
1390 2507 1529 2542 Trevir.

563 2571 675 2605 Iidem
697 2587 701 2603 z
726 2570 962 2604 cubicularia.

564 2631 619 2664 ΑΙ.
641 2631 809 2663 Amisum.

499 2577 506 2603 Α

513 2573 520 2602 u-

488 2633 520 2677 (π
