2043 3193
471 132 783 172 TESTIMONIA
814 131 882 170 DE
912 130 1192 170 EINHARDO.
1491 148 1536 169 ev

154 288 246 321 xv1.
274 287 334 320 Ex
359 286 586 320 HISTORIA
611 285 1002 319 TRANSLATIONIS
1025 285 1294 318 SANGUINIS
1319 285 1508 319 DOMIM.

313 362 415 396 Anno
429 363 491 406 925
509 363 660 406 Augiam
677 361 818 405 perlati,
838 360 953 393 seculo
974 360 1111 393 decimo
1127 360 1170 392 ab
1186 360 1351 403 Augiensi

636 413 804 446 monacho
820 412 948 455 scripta
968 413 1022 455 (i).

180 509 287 548 Circa
303 525 392 548 ann.
411 510 500 549 800.
521 531 572 539 —-
589 509 621 546 Ι.
641 509 826 561 Tempore
849 507 984 546 Karoli
1003 507 1262 560 gloriosissimi
1284 507 1535 558 imperatoris,

126 575 228 611 Azan
260 573 414 624 quidam
446 573 625 619 nomine,
647 571 842 624 praefectus
868 571 973 609 urhis
1000 570 1268 617 Hierusalem,
1297 568 1456 609 audiens
1491 571 1538 609 de

125 636 324 674 virtutibus
344 635 547 686 multisque
567 635 758 673 miraculis
775 643 812 672 et
832 633 1190 686 incomparabilibus
1213 632 1383 684 ejusdem
1405 632 1538 678 Karoli

126 699 262 750 praeliis
279 727 288 745 ‚
312 699 456 750 ingenti
475 698 588 749 coepit
606 697 792 736 desiderio
809 698 968 735 coartari
986 726 996 744 ,
1012 711 1086 749 qua
1107 697 1304 734 occasione
1321 696 1402 733 fieri
1422 697 1541 747 possit

126 771 167 800 ut
187 761 281 799 tanti
303 761 372 798 viri
391 760 524 799 faciem
536 769 664 815 presto
682 774 834 798 cernere
854 762 1010 812 ejusque
1027 758 1240 797 delectabili
1262 759 1375 796 affatu
1398 758 1539 810 perfrui

126 833 163 862 et
181 839 264 862 cum
286 838 330 862 eo
354 823 472 862 foedus
494 825 666 866 amicitia:
688 838 913 875 componere
934 823 1070 860 valeat.
1092 822 1219 860 Missis
1236 823 1361 874 itaque
1380 820 1539 859 Romam

125 887 273 940 legatis,
299 886 415 924 Leoni
432 888 512 923 viro
533 887 736 938 apostolico
754 900 861 924 suum
882 885 1059 938 patefecit
1076 884 1307 923 desiderium
1325 913 1336 930 ‚
1354 884 1541 936 simulque

127 950 309 1001 postulat,
328 957 514 1001 quatenus
535 964 601 1001 per
621 950 741 1000 ipsius
757 951 930 987 effectum
951 956 1078 1000 optata
1099 948 1284 1000 principis
1301 947 1446 993 visione
1462 961 1541 991 sese

125 1013 302 1050 laetificari
321 1013 531 1064 contingat,
554 1014 777 1064 promittens
798 1012 1017 1064 imperatori
1039 1012 1093 1059 si,
1115 1011 1266 1050 volente
1286 1011 1390 1060 Deo,
1412 1010 1542 1048 ambos

125 1077 327 1114 convenire
339 1076 463 1123 detur,
479 1084 514 1114 et
529 1077 606 1127 ipse
621 1075 861 1115 dulcissimos
876 1075 976 1113 illius
993 1075 1120 1113 vultus
1134 1073 1381 1125 contemplari
1399 1087 1542 1111 merea-

126 1147 201 1185 tur,
219 1138 434 1176 thesaurum
450 1139 786 1190 incomparabilem
804 1153 882 1176 sese
897 1139 954 1176 illi
969 1138 1181 1176 oblaturum
1197 1146 1230 1175 et
1248 1138 1299 1175 ita
1313 1137 1539 1188 preciosum,

125 1210 166 1240 ut
181 1217 248 1240 nec
265 1204 343 1254 ipse
359 1217 428 1240 nec
445 1211 698 1241 antecessores
713 1204 795 1254 ejus
808 1203 881 1241 tale
895 1202 985 1254 quid
1004 1216 1172 1253 unquam
1190 1200 1388 1252 adquirere
1401 1201 1543 1252 potuis-

125 1273 207 1303 sent
237 1273 274 1303 et
299 1265 346 1303 (le
373 1266 635 1303 transmarinis
662 1267 834 1318 partibus
867 1266 961 1303 nihil
985 1265 1108 1304 simile
1130 1267 1168 1302 in
1204 1265 1436 1302 Francorum
1465 1264 1543 1301 ali-

125 1328 278 1379 quando
314 1329 407 1365 fines
440 1328 668 1369 devenisset.
697 1328 874 1367 Praesatus
904 1343 992 1381 ergo
1017 1327 1188 1380 pontifex
1217 1329 1293 1365 suis
1323 1327 1465 1364 nuntiis
1493 1327 1542 1365 ad

128 1392 364 1444 Aquasgrani
399 1392 535 1443 palacii
568 1392 742 1430 festinato
778 1392 929 1430 directis
943 1421 952 1438 ‚
983 1391 1050 1429 ubi
1076 1406 1119 1429 eo
1151 1399 1321 1441 tempore
1353 1391 1544 1441 Augustus

127 1465 377 1493 commoratus
398 1463 470 1502 est,
489 1455 656 1507 praedieti
673 1458 775 1493 Azan
791 1455 954 1507 praefecti
971 1455 1075 1492 urbis
1093 1454 1324 1492 missaticum
1344 1453 1488 1497 retulit,
1507 1462 1546 1491 et.

127 1528 168 1556 ut
190 1520 268 1570 ipse
296 1519 586 1570 postulationem
610 1519 711 1556 illius
738 1519 889 1570 explere
913 1519 1149 1571 dignaretur,
1175 1517 1446 1555 instantissime
1472 1516 1545 1554 de-

126 1590 300 1633 precatus
320 1591 388 1620 est.
414 1584 603 1635 Augustus
623 1597 712 1619 vero
732 1582 846 1632 hujus
862 1581 966 1619 modi
986 1581 1209 1633 legationem
1231 1579 1338 1631 parvi
1354 1579 1541 1630 pendenS,

127 1659 194 1696 pro
211 1645 332 1682 nihilo
348 1645 482 1682 habuit
497 1653 532 1682 et
549 1645 701 1682 obviam
717 1648 817 1682 Azan
834 1645 1021 1696 proticisci
1039 1644 1218 1696 neglexit.
1236 1644 1400 1681 Antistes
1418 1652 1542 1680 autem

127 1709 362 1758 comperiens
378 1716 541 1759 spretam
560 1708 607 1746 ab
619 1710 787 1760 Augusto
803 1708 1023 1759 petitionem
1042 1707 1211 1758 ejusdem
1228 1708 1347 1755 Azan,
1363 1706 1542 1752 indoluit,

127 1779 162 1808 et
183 1771 266 1808 aliis
291 1772 427 1808 iterum
448 1772 569 1809 missis
590 1771 639 1808 ad
666 1763 790 1823 ipsum
812 1771 1009 1809 destinatis
1026 1800 1036 1818 ,
1067 1771 1157 1808 talia
1182 1770 1298 1807 fertur
1323 1771 1358 1807 ei
1384 1769 1545 1807 deman-

127 1835 232 1872 dasse
250 1850 259 1871 :
285 1851 304 1872 «
328 1836 363 1873 Si
386 1844 448 1881 tu,
475 1836 652 1887 inquiens
666 1864 675 1881 ,
696 1837 776 1886 ipse
799 1849 897 1872 esses
911 1864 920 1881 ‚
937 1849 1050 1886 quem
1070 1843 1105 1871 te
1123 1848 1201 1871 esse
1223 1843 1323 1871 totus
1342 1834 1546 1871 arbitratur

129 1914 146 1935 «
171 1897 358 1944 mundus,
377 1907 413 1935 et
428 1899 647 1935 universum
664 1912 732 1949 per
749 1898 877 1935 orbem
896 1897 1165 1935 celeberrimus
1180 1897 1385 1947 diffamaris
1400 1926 1409 1943 ‚
1428 1897 1543 1934 vitain

130 1978 148 1997 «
174 1969 300 2005 tuam,
317 1961 347 1998 si
369 1962 418 1999 ita
438 1975 496 1998 res
517 1962 683 2014 exigeret
699 1990 708 2007 7
725 1961 896 2012 periculo
912 1961 1002 1998 dare
1021 1970 1055 1998 et
1073 1960 1211 2012 pedum
1230 1969 1379 1998 tuorum
1397 1961 1545 1997 incessu

130 2039 147 2059 (1
175 2031 257 2074 post
287 2023 410 2074 ipsum
433 2038 500 2075 pro
528 2024 732 2075 adeptione
754 2033 830 2061 tam
859 2025 1053 2076 magnifici
1072 2024 1237 2062 thesauri
1259 2024 1453 2063 ambulare
1476 2024 1546 2061 dc-

130 2101 147 2120 «
175 2085 320 2122 bueras.
348 2100 442 2120 1)-
462 2086 532 2122 His
561 2086 715 2124 tandem
746 2087 984 2124 sermonibus
1005 2088 1213 2139 sceptriger
1239 2087 1388 2124 coelitus
1417 2087 1546 2124 animo

129 2156 351 2193 commotus,
368 2148 608 2199 cornipedem
623 2149 794 2187 celeriter
807 2149 1081 2198 conscendens,
1098 2149 1255 2186 Romam
1271 2148 1460 2200 profectus
1472 2157 1539 2185 est.

185 2211 238 2247 ΙΙ.
273 2211 492 2249 Praelibatus
511 2225 660 2262 quoque
679 2213 779 2249 Azan
794 2241 804 2259 ,
824 2213 928 2249 urbis
950 2211 1144 2263 praefectus
1158 2241 1168 2256 ,
1190 2211 1236 2249 de
1254 2212 1406 2249 civitate
1423 2211 1544 2248 Davi-

129 2275 202 2310 tica
217 2302 227 2319 ,
255 2273 303 2311 ad
325 2273 601 2311 occursandum
623 2275 791 2325 Augusto
811 2275 880 2312 iter
898 2275 1082 2327 arripiens
1104 2289 1307 2327 secumque
1326 2275 1543 2315 thesaurum

172 2433 217 2474 (1)
235 2446 249 2461 «
271 2431 516 2464 Narrationeni
534 2444 603 2474 qno
623 2432 726 2464 modo
740 2433 835 2464 Crux
852 2434 1017 2476 sanguine
1030 2434 1173 2466 Domini
1191 2434 1320 2475 repleta
1339 2434 1487 2476 Augiam
1510 2446 1539 2466 a.

129 2483 205 2526 925.
219 2485 262 2516 sit
280 2483 423 2525 perlata,
439 2483 552 2516 medio
575 2491 611 2516 ut
629 2483 769 2515 videtur
785 2496 850 2516 sec.
868 2497 889 2516 x
908 2485 1044 2525 scripsit
1062 2485 1249 2517 monachus
1266 2485 1459 2528 Augiensis.
1482 2486 1541 2528 qui

130 2533 379 2577 initioquidem
394 2534 503 2567 multa
514 2534 682 2573 fabulosa,
696 2542 810 2578 postea
824 2547 903 2567 vero
917 2536 1136 2568 chunsridi
1151 2537 1288 2570 comitis
1302 2537 1434 2570 familia
1451 2538 1543 2571 etde

133 2586 344 2618 monasteriis
356 2586 471 2618 seculo
482 2599 515 2619 ix
531 2587 563 2617 in
580 2587 784 2619 Alamannia
798 2587 950 2619 fundatis
965 2587 1065 2629 plura
1082 2588 1192 2621 tradit
1205 2595 1324 2621 notatu
1340 2587 1456 2631 digna,
1471 2601 1543 2621 ser—

133 2650 242 2674 mone,
263 2637 320 2669 rni
348 2638 474 2670 multos
503 2638 605 2670 etiam
632 2638 807 2671 interserit
824 2650 940 2670 versus
954 2663 961 2677 ,
978 2649 1057 2669 usus
1077 2639 1232 2672 cultiori.
1250 2652 1265 2668 »
1281 2639 1392 2677 l’ertz,
1418 2640 1541 2671 filomi-

133 2698 241 2721 menla
258 2691 419 2722 German.
439 2689 647 2733 «S'criplvrum
663 2714 669 2727 ,
690 2698 771 2723 tom.
788 2690 848 2729 IV,
869 2701 943 2733 pag.
962 2690 1033 2732 447
