1924 3183
361 177 438 212 236
832 156 834 158 ’
941 171 1189 209 macrus.

360 259 699 307 Godescalcum
726 257 827 320 (1),
858 259 979 322 regis
1006 257 1238 322 legatum,
1266 275 1408 322 quem
1432 258 1511 306 ille
1534 270 1642 306 ante
1666 279 1781 324 pau-

362 356 441 385 cos
481 336 578 383 dies
613 335 669 381 ad
704 334 983 400 Sigifridum
1017 352 1177 399 regem
1211 336 1458 381 Danorum
1493 336 1699 383 miserat.
1741 340 1781 383 Is

364 433 474 460 cum
506 413 671 461 eodem
707 423 923 477 tempore
961 413 1031 476 (2)
1065 421 1404 470 reverteretur,
1440 412 1498 459 ab
1535 412 1671 477 hujus
1709 415 1781 478 (3)

366 492 611 539 seditionis
652 490 926 538 auctoribus
970 491 1260 554 interceptus
1304 500 1444 555 atque
1481 491 1661 538 occisus
1695 502 1780 538 est.

368 569 554 630 Quibus
582 571 808 635 acceptis,
837 588 920 616 rex
945 571 1154 633 graviter
1178 579 1472 626 commotus,
1499 580 1787 634 congregato

365 649 604 704 exercitu,
634 648 682 693 in
708 647 840 703 loco,
874 647 948 692 cui
980 646 1143 693 Minda
1170 647 1240 709 (4)
1271 662 1475 703 110111611,
1510 664 1649 711 super
1673 647 1788 692 Wi-

371 745 526 773 suram
551 737 700 772 castra
723 726 906 790 posuit,
928 735 1071 789 atque
1091 726 1139 771 in
1162 724 1439 789 foedifragos
1458 742 1509 771 ac
1527 724 1789 772 desertores

368 822 494 850 arma
514 804 767 867 corripuit,
786 813 833 849 et
851 802 982 849 ultor
998 803 1125 849 necis
1144 803 1407 866 legatorum
1423 820 1638 859 suorum,
1656 803 1790 866 quic-

366 881 483 947 quid
508 881 725 928 Saxoniae
750 881 877 927 inter
901 880 1092 927 Albiam
1116 898 1167 927 ac
1187 882 1406 929 Visuram
1429 882 1698 945 interjacet,
1723 891 1793 928 to-

369 971 473 1005 tum
504 959 632 1006 ferro
667 969 715 1004 et
747 958 855 1022 igne
888 959 1104 1004 vastavit.
1138 958 1465 1005 Transalbiani
1502 970 1658 1007 autem
1690 960 1789 1022 (5),

368 1034 587 1100 superbia
612 1035 748 1091 elati,
776 1052 833 1081 eo
859 1034 990 1099 quod
1013 1035 1134 1100 regis
1158 1035 1335 1099 legatos
1361 1036 1557 1100 impune
1579 1035 1794 1083 occidere

369 1124 635 1177 potuerunt
652 1148 664 1169 ,
693 1113 892 1176 arreptis
925 1114 1067 1159 armis
1092 1124 1259 1161 contra
1284 1113 1544 1161 Abodritos
1575 1113 1795 1178 proficis-

371 1202 564 1238 cuntur.
589 1190 709 1237 Nam
729 1190 951 1238 Abodriti
976 1191 1277 1238 auxiliatores
1295 1192 1592 1238 Francorum
1613 1209 1795 1255 semper

372 1268 588 1324 fuerunt,
610 1285 665 1314 ex
683 1285 780 1332 quo
797 1268 940 1314 semel
954 1266 1012 1313 ab
1030 1269 1094 1314 eis
1113 1268 1162 1314 in
1178 1270 1451 1315 societatem
1467 1269 1645 1332 recepti
1664 1278 1792 1314 sunt.

374 1346 594 1406 Quorum
617 1347 713 1392 dux
735 1345 962 1394 Thrasico
989 1346 1062 1410 (6)
1077 1382 1090 1403 ,
1119 1347 1314 1411 cognito
1340 1345 1799 1393 Transalbianorum

374 1435 539 1482 motu,
567 1425 630 1471 eis
660 1443 768 1471 cum
792 1424 1017 1472 omnibus
1044 1425 1192 1489 copiis
1217 1425 1310 1471 suis
1333 1425 1382 1472 in
1407 1424 1514 1472 loco
1539 1425 1621 1490 qui
1646 1426 1799 1472 Suen-

376 1513 483 1547 tana
508 1513 705 1548 vocatur
729 1503 941 1549 occurrit
960 1541 971 1559 ,
1005 1503 1354 1567 commissoque
1386 1503 1581 1567 praelio,
1617 1502 1798 1568 ingenti

376 1598 454 1627 eos
479 1581 605 1627 caede
630 1581 906 1644 prostravit.
934 1580 1056 1626 Nam
1082 1581 1130 1626 in
1154 1581 1308 1644 prima
1335 1581 1668 1644 congressione
1687 1598 1800 1644 qua-

378 1671 491 1706 tuor
523 1659 671 1705 millia
709 1676 876 1706 eorum
923 1658 1139 1706 cecidisse
1183 1660 1393 1705 narravit
1435 1659 1612 1724 legatus
1645 1659 1766 1723 regis
1784 1694 1797 1714 ,

468 1882 480 1921 )
507 1878 579 1913 All.
605 1877 907 1920 Godessclacum,
934 1876 1245 1918 Gadesclzalcum,
1271 1873 1591 1909 Goteschalchum.

430 1886 459 1920 (1

429 1948 478 1991 (υ.)
504 1946 549 1979 D.
572 1946 684 1993 Bouq.
702 1958 784 1979 cum
806 1946 968 1979 Nuenar.
991 1944 1124 1979 comite
1146 1959 1151 1976 τ
1175 1956 1255 1977 cum
1271 1941 1624 1988 legationefimctus
1642 1953 1672 1973 ι’.

430 2015 479 2060 (5)
506 2016 574 2049 Hic
588 2015 693 2049 codd.
709 2015 922 2051 Vindobon.
935 2013 1024 2056 6543
1040 2013 1131 2059 Reg,
1146 2013 1256 2046 Paris.
1270 2010 1363 2059 5924
1377 2018 1412 2045 ct
1428 2010 1634 2044 Trevirens.
1649 2009 1797 2056 legunt:

382 2075 430 2108 al)
450 2074 588 2115 II11111'.v;
608 2082 644 2109 et
662 2075 712 2108 sic
732 2075 843 2108 habet
861 2081 968 2120 poeta
987 2074 1089 2108 Saxo.
1113 2087 1129 2103 «
1146 2072 1270 2119 Hujus
1295 2078 1417 2105 tamen
1437 2070 1607 2117 praefero,
1633 2069 1686 2103 uti
1705 2076 1802 2104 recte

383 2135 434 2168 ait
448 2135 610 2168 l'ertzius
622 2162 630 2177 ,
651 2147 767 2181 quum
786 2134 949 2180 primum
967 2133 1074 2167 liuius
1092 2139 1128 2167 et
1147 2132 1255 2166 hunis
1272 2131 1310 2165 111
1327 2130 1520 2165 scribendo
1534 2129 1705 2164 facillime
1718 2141 1803 2176 per-

385 2200 576 2227 mutentur
594 2200 631 2227 et
650 2193 915 2227 sententiarum
936 2204 1048 2226 nexus
1062 2191 1183 2225 Ilzmis
1206 2203 1281 2225 non
1300 2189 1496 2224 admittere
1511 2188 1690 2223 videatur.
1711 2187 1804 2222 Nam

386 2253 414 2286 si
444 2253 662 2295 Einhartus,
684 2253 813 2286 Hunos
833 2251 989 2298 legatos,
1013 2252 1077 2298 qui
1105 2250 1282 2297 populum
1309 2250 1355 2284 ad
1381 2249 1618 2284 rebellionem
1638 2248 1804 2282 concita—

386 2319 465 2346 rent
477 2340 486 2355 ,
508 2312 546 2345 in
564 2312 756 2347 Saxoniam
775 2312 932 2353 misisse,
954 2317 990 2345 et
1008 2323 1068 2345 eos
1081 2338 1089 2353 ‚
1110 2322 1184 2356 quo
1202 2309 1338 2344 certius
1357 2309 1431 2343 voti
1449 2315 1634 2355 compotes
1656 2308 1801 2350 fierent,

385 2371 601 2405 Godcscalci
622 2371 754 2406 caedem
771 2377 997 2418 perpetrasse
1010 2398 1019 2412 ‚
1037 2369 1160 2404 dicere
1176 2369 1365 2412 voluisset,
1388 2368 1458 2402 alio
1475 2374 1573 2402 certe
1586 2366 1696 2401 modo
1715 2365 1804 2401 tanti

384 2431 563 2465 momenti
583 2443 660 2465 rem
680 2431 939 2465 enuntiaturus
956 2429 1095 2463 suisset.
1117 2445 1132 2459 »

432 2501 484 2543 (4¹)
510 2499 581 2533 All.
603 2500 764 2544 Mimda,
783 2499 949 2543 Blanda,
971 2498 1119 2534 Mitida.

435 2565 483 2609 (ὦ)
511 2566 579 2599 Hic
599 2566 756 2600 Nucnar
775 2579 869 2601 com.
892 2573 928 2600 ct
948 2566 991 2600 D.
1014 2566 1126 2611 Bouq.
1150 2564 1289 2599 addunt
1309 2582 1312 2598 ;
1336 2567 1399 2610 (μα’
1414 2562 1653 2597 Νονιῖηιαηηί
1672 2573 1804 2595 vocan-

391 2630 459 2656 ίιιικ

440 2692 486 2735 ’(ἦῷ
524 2692 581 2725 ΧΗ.
612 2694 770 2729 ΤΗηἸΜ,
801 2695 936 2730 Tusca,
966 2693 1117 2727 'l'lulssm
